1834 2925
403 182 592 235 TUSG.
616 182 880 247 QUAEST.
904 184 1028 233 Lin.
1054 186 1096 235 1.
1125 184 1254 234 Osi».
1277 186 1358 233 24.
1461 186 1554 243 127

204 312 332 363 nasci
360 324 566 379 possent,
597 316 754 373 etiam,
785 314 1177 379 quemadmodum
1206 314 1459 375 interirent,
1483 316 1554 363 vi-

208 378 383 427 derem.
420 382 549 428 Nam
570 380 857 445 sanguinem,
878 381 1040 439 bilem,
1063 380 1296 443 pituitam,
1315 394 1432 437 ossa,
1451 394 1556 427 ner-

208 459 469 505 vos,venas,
492 460 678 492 omnem
692 444 891 508 denique
904 447 1219 492 membrorum
1242 454 1287 492 et
1303 444 1442 491 totius
1458 459 1556 491 coi·-

208 508 337 573 poris
366 509 583 571 figuram,
613 509 769 557 videor
842 526 911 557 sse
937 509 1101 566 dicere,
1123 508 1250 556 unde
1269 516 1491 567 concreta,
1516 518 1562 556 et

208 587 305 637 quo
324 574 469 621 modo
488 574 609 621 facta
629 574 732 621 sint.
812 574 927 637 Per]
951 574 1160 621 animum
1181 574 1352 636 ipsum,
1377 573 1417 619 si
1439 572 1556 620 nihil

210 645 328 685 esset
355 638 407 683 in
436 652 506 696 eo,
536 638 625 685 nisi
652 638 719 697 id,
751 647 804 685 ut
824 654 905 700 pei·
926 654 1033 685 eum
1055 638 1326 695 viveremus,
1351 645 1447 684 tam
1469 652 1554 683 na-

207 702 318 751 tura
336 710 550 765 putarem
578 702 778 749 hominis
800 702 942 749 vitam
963 702 1220 761 sustentari,
1257 718 1398 766 quam
1429 702 1552 762 vitis,

209 782 357 843 quam
374 766 545 814 arboris
561 784 574 813 i
593 767 692 813 haec
706 767 830 814 enim
847 767 986 813 etiam
1001 766 1196 813 dicimus
1211 766 1375 813 vivere.
1411 766 1552 827 Item,

132 868 139 875 .
209 847 250 879 si
287 831 407 877 nihil
439 831 626 878 haberet
660 831 841 878 animus
872 830 1090 890 hominis,
1120 830 1209 878 nisi
1240 838 1296 877 ut
1323 838 1555 894 appeteret

207 903 294 943 aut
301 894 547 957 refugeret,
557 894 606 942 id
621 910 807 959 quoque
819 903 934 943 esset
949 895 991 942 ei
1005 910 1250 943 commune
1266 910 1372 942 cum
1385 894 1556 942 bestiis.

277 959 439 1007 Habet
459 959 664 1022 primum
684 959 972 1019 memoriam,
1003 968 1050 1006 et
1083 974 1184 1007 eam
1213 959 1458 1017 infinitam,
1482 974 1554 1007 re-

210 1040 321 1073 rum
342 1024 781 1071 innumerabilium:
817 1039 960 1087 quam
982 1022 1170 1087 quidem
1193 1024 1328 1071 Plato
1348 1022 1555 1071 recorda-

212 1089 389 1137 tionem
420 1104 517 1135 esse
544 1088 646 1135 vult
674 1088 922 1151 superioris,
944 1088 1078 1135 vitae:
1114 1102 1224 1134 nam
1245 1088 1294 1134 in
1315 1088 1397 1135 illo
1417 1088 1552 1147 libro,

212 1153 299 1218 qui
318 1152 583 1200 inscribitur
604 1156 640 1181 “
658 1152 889 1212 Menon,'’
920 1153 1162 1215 pusionem
1225 1152 1444 1199 ucmdam
1467 1152 1552 1199 So-

212 1226 361 1266 crates
390 1217 637 1279 interrogat
663 1217 876 1280 quaednm
901 1216 1174 1279 geometrica
1227 1232 1252 1263 e
1272 1216 1556 1263 dimensione

212 1281 443 1346 quadrati.
498 1280 581 1327 Ad
601 1296 655 1328 es
676 1282 740 1328 sic
766 1281 846 1329 ille
874 1279 1131 1344 respondet,
1161 1288 1216 1327 ut
1235 1296 1378 1344 puer:
1415 1290 1462 1329 et
1482 1289 1552 1329 ta-

210 1347 411 1395 menits
428 1345 583 1393 faciles
602 1345 972 1408 interrogationes
993 1354 1116 1402 sunt,
1141 1352 1210 1403 ut,
1233 1344 1459 1407 gradatim
1481 1360 1553 1393 re-

211 1410 461 1488 spondens,
489 1409 648 1457 eodem
668 1410 916 1472 perveniat,
949 1425 1044 1474 quo
1071 1410 1109 1456 si
1136 1410 1408 1472 geometrica
1435 1409 1555 1455 didi-

210 1485 359 1525 cisset.
410 1475 489 1523 Ex
518 1490 613 1537 quo
634 1474 749 1522 effici
776 1475 877 1522 uult
899 1476 1120 1533 Socrates,
1142 1483 1198 1521 ut
1217 1474 1402 1533 discere,
1433 1475 1552 1521 nihil

208 1541 341 1589 aliud
362 1539 439 1598 sit,
460 1539 549 1586 nisi
570 1539 804 1586 recordari.
855 1539 1014 1597 Quem
1043 1540 1198 1586 locum
1229 1537 1382 1585 multo
1415 1539 1554 1585 etiam

208 1604 468 1653 accuratius
496 1603 693 1666 explicat
718 1603 768 1650 in
804 1619 857 1650 eo
886 1618 1110 1662 sermone,
1140 1617 1280 1666 quem
1308 1601 1474 1649 habuit
1501 1617 1554 1650 eo

208 1671 313 1734 ipso
334 1669 427 1729 die,
460 1683 555 1731 quo
576 1667 764 1715 excessit
782 1683 808 1714 e
828 1667 938 1715 vita.
989 1667 1139 1715 Docet
1159 1667 1301 1726 enim,
1325 1666 1552 1729 quemvis,

208 1735 296 1799 qui
318 1733 529 1781 omnium
558 1747 713 1779 rerum
740 1731 867 1778 rudis
895 1747 990 1780 esse
1018 1731 1241 1790 videatur,
1271 1733 1388 1778 bene
1412 1731 1552 1778 inter-

206 1798 393 1862 roganti
414 1796 778 1860 respondentem,
800 1796 1044 1854 declarare,
1067 1811 1116 1843 se
1136 1811 1228 1843 non
1246 1803 1348 1842 tum
1365 1795 1550 1843 iliadis-

208 1879 329 1922 cere,
364 1862 446 1910 sed
474 1861 801 1908 reminiscendo
830 1875 1172 1924 recognoscere:
1207 1875 1292 1907 nec
1319 1875 1424 1908 vero
1451 1860 1552 1908 fieri

207 1929 309 1976 ullo
341 1925 485 1974 modo
512 1941 659 1988 posse,
689 1933 760 1984 ut,
783 1940 813 1971 a
831 1925 1002 1988 pueris,
1025 1933 1094 1972 tot
1114 1939 1267 1972 rerum
1289 1933 1428 1988 atque
1448 1933 1552 1972 tan-

205 2002 365 2040 tarum
388 1991 545 2038 insitas
566 1997 613 2036 et
633 1989 762 2052 quasi
784 1989 1068 2052 consignatas
1087 1989 1137 2035 in
1159 1989 1325 2036 animis
1345 1990 1552 2037 notiones

208 2059 349 2120 (quas
380 2073 536 2107 motae
562 2061 746 2112 vocant)
765 2053 1054 2113 haberemus,
1089 2053 1392 2112 nisianimus,
1423 2062 1552 2101 ante-

206 2135 355 2185 quam
374 2120 429 2166 in
450 2133 615 2182 corpus
632 2117 904 2178 intravisset,
937 2117 987 2164 in
1015 2131 1171 2165 rerum
1199 2117 1456 2180 cognitione
1484 2117 1554 2165 vi-

270 2249 495 2312 cumque
526 2246 645 2294 mhil
678 2252 807 2306 esset,
830 2254 885 2294 ut
910 2249 1128 2294 omnibus
1157 2246 1270 2294 locis
1301 2261 1331 2292 a
1356 2245 1551 2292 Platone

204 2313 461 2371 disseritur,
501 2312 641 2366 (nihil
661 2311 786 2358 enim
806 2311 885 2358 ille
912 2319 1048 2375 putat
1077 2327 1187 2369 esse,
1222 2310 1348 2373 quod
1377 2309 1552 2357 oriatur

206 2389 255 2428 et
274 2379 503 2433 intereat3
536 2375 678 2439 idque
698 2376 848 2423 solum
870 2390 981 2434 esse,
1013 2375 1140 2439 quod
1161 2389 1340 2436 semper
1359 2373 1452 2419 tale
1473 2372 1549 2429 sit,

206 2443 398 2507 qualem
419 2443 573 2488 ideam
604 2441 805 2503 appellat
824 2440 922 2500 ine,
944 2454 1028 2487 nos
1049 2441 1264 2502 speciem)
1286 2450 1380 2482 non
1400 2434 1553 2496 potuit

204 2508 393 2555 animus
404 2506 521 2563 haec,
543 2505 592 2552 in
616 2520 801 2567 corpore
822 2505 1045 2563 inclusus,
1068 2514 1338 2566 agnoscere:
1373 2496 1556 2570 cognita

204 2571 393 2620 attulit:
446 2585 507 2617 ex
540 2585 634 2632 quo
670 2578 766 2616 tam
802 2569 1060 2616 multarum
1093 2579 1250 2613 rerum
1283 2568 1556 2628 cognitionis

204 2630 452 2684 admiratio
486 2634 677 2682 tollitur.
726 2633 897 2696 Neque
933 2647 987 2679 ea
1023 2631 1162 2693 plane
1195 2625 1319 2674 videt
1349 2622 1550 2682 animus,

202 2715 315 2750 cum
336 2707 436 2748 tam
456 2706 645 2763 tepente
665 2697 715 2748 in
744 2697 986 2746 insolitum
1015 2703 1206 2756 tamque
1234 2688 1554 2751 perturbatum
