1834 2925
273 134 371 209 1851
465 126 1410 192 TUSC.QUAE8·1·.1212.111.cu.3.

269 268 490 371 ἔξειπε,
528 276 623 308 ιιοιι
656 269 753 309 tam
790 260 1042 319 voluntate,
1077 274 1220 333 quun
1249 258 1407 306 cursus
1438 268 1604 312 errore,

352 334 507 372 untur.
540 324 672 383 Quid
686 328 709 373 ἶ)
742 324 824 389 qui
844 324 1051 388 pecuniae
1063 322 1327 386 cupiditate,
1345 320 1429 384 qui
1443 319 1610 380 volup-

272 396 422 436 tatum
441 389 647 447 libidine,
670 388 911 445 feruntur,
947 403 1236 451 quorumque
1251 387 1316 433 ita
1334 385 1582 448 perturban

272 461 351 499 tur
370 453 530 511 animi,
553 462 607 501 ut
634 468 728 500 non
755 454 960 500 multum
990 452 1140 499 absint
1167 454 1226 499 ab
1255 449 1450 507 insania,
1482 410 1607 511 quod

270 510 1608 643 ffiffiffiuffissssffifflffffmfflnssnmm‘ffiss

272 645 601 707 egrotationes,
624 660 764 708 quam
786 644 1014 707 eorporis.
1002 646 1024 679 ⁹
1055 659 1134 703 an,
1166 642 1290 707 quod
1320 656 1508 704 corpora
1527 654 1608 686 cu-

270 707 1453 847 ”iffimssfflossffimpeffiffirffffiffique
1500 772 1608 815 „unt

276 836 815 901 animiquamoorporis.
851 836 1164 899 Hienimipsi
1185 835 1466 891 odiosisunt,
1485 830 1611 895 quod

278 900 339 949 ad
370 902 580 949 animum
605 902 850 965 pertinent,
878 914 1078 964 eumque
1104 898 1372 948 sollicitant.
1409 897 1616 945 animus-

276 979 370 1029 que
390 980 524 1029 aeger,
546 975 601 1014 ut
620 966 685 1012 ait
697 964 956 1025 Ennius,“
971 980 1149 1027 semper
1169 972 1301 1022 errat,
1325 977 1476 1026 neque
1496 960 1614 1047 pati,

276 1044 428 1093 neque
468 1030 643 1093 perpeti
683 1037 858 1105 potest.
906 1044 1071 1091 cupere
1111 1044 1352 1102 nunquam
1396 1024 1614 1074 desinit-'⁹

280 1091 465 1152 Quibus
484 1093 663 1142 duobus
675 1093 847 1141 morbis
863 1097 938 1146 (ut
953 1093 1161 1140 omittam
1179 1091 1327 1151 alios),
1346 1090 1618 1154 aegritudine

280 1167 327 1205 et
357 1158 685 1232 cupiditate,q
684 1158 735 1203 ui
767 1157 952 1204 tandem
985 1164 1176 1231 possunt
1211 1156 1260 1203 in
1297 1171 1483 1219 corpore
1522 1168 1618 1202 ease

278 1222 504 1284 graviores
522 1224 545 1269 ἶ)
578 1222 679 1281 Qui
711 1236 819 1269 vero
844 1220 1028 1284 probari
1055 1230 1218 1283 potest,
1245 1227 1300 1267 ut
1327 1220 1413 1267 sibi
1440 1216 1621 1267 mederi

279 1285 462 1332 animus
490 1300 583 1333 non
610 1285 767 1360 possit,
800 1301 907 1332 cum
937 1285 1085 1348 ipsam
1115 1284 1388 1331 medicinam
1419 1282 1620 1346 eorporis

278 1348 463 1396 animus
482 1349 719 1408 invenerit,
750 1364 949 1413 cumque
977 1348 1036 1395 ad
1064 1364 1304 1411 corporum
1335 1348 1620 1396 sanationem

278 1412 518 1459 multum
504 1428 604 1477 xpm
632 1428 818 1490 corpora
838 1420 883 1460 et
908 1413 1074 1460 natura
1101 1412 1297 1472 valeant,
1327 1427 1411 1460 nec
1438 1428 1617 1474 omnes,

280 1478 362 1542 qui
377 1479 523 1525 curari
540 1494 587 1526 se
601 1493 720 1552 passi
742 1487 864 1536 sunt,
883 1478 1098 1525 continuo
1119 1477 1256 1524 etiam
1275 1479 1616 1526 convalescant·

279 1542 425 1589 mimi
445 1551 617 1602 autem,
641 1542 722 1605 qui
756 1542 903 1589 sanari
925 1543 1166 1598 voluerint,
1190 1542 1517 1616 praeceptisque
1547 1559 1620 1590 sa-

279 1606 506 1718 {entium
527 1606 795 1682 paruerint,
807 1606 902 1653 sine
932 1605 1028 1653 ulla
1057 1605 1340 1653 dubitatione
1361 1609 1618 1656 sanentur?

278 1671 637 1792 ἐὲωῗὲῗὲῗι,
655 1669 799 1782 3³³3
830 1669 1622 1811 ᾃξῗᾙᾎοῗὲἔέῗῗέἒέᾶυέῒι

279 1797 419 1845 foris·
452 1799 756 1860 omnibusque
775 1797 956 1860 opibus,
980 1798 1127 1845 viribu
1183 1813 1258 1856 ue,
1277 1807 1330 1844 ut
1351 1799 1622 1862 nosmetipm

281 1862 415 1909 nobis
451 1863 623 1909 mederi
659 1862 901 1925 possimus,
941 1863 1151 1909 elaboran
1129 1814 1266 1907 s‘dum
1301 1871 1382 1909 est.
1433 1863 1621 1922 Quam-

282 1941 425 1988 quam
440 1925 497 1972 de
514 1926 725 1973 universa
740 1925 1044 1989 philosophia,
1063 1934 1341 1989 quantopere
1362 1927 1621 2000 expetenda

282 1997 396 2036 esset
418 1997 463 2036 et
483 1989 686 2048 colenda,
706 1991 811 2037 satis
826 1994 899 2043 (ut
920 1990 1130 2048 arbitror)
1144 1989 1318 2036 dictum
1340 2001 1408 2037 est
1423 1991 1474 2037 in
1493 1991 1622 2040 Hor-

280 2053 439 2100 tensio.
488 2053 563 2100 De
584 2053 799 2100 maximis
819 2063 971 2101 autem
1004 2056 1138 2101 rebus
1160 2052 1275 2099 nihil
1296 2054 1390 2102 fere
1411 2054 1622 2103 intermi-

280 2116 433 2164 simus
450 2126 605 2179 postea
626 2131 708 2165 nec
730 2117 961 2182 disputare
981 2133 1064 2165 nec
1086 2117 1288 2165 scribere.
1337 2117 1429 2165 His
1459 2129 1620 2168 autem

279 2179 408 2228 libris
429 2182 633 2244 exposita
654 2190 762 2228 sunt
782 2197 851 2240 ea,
875 2198 980 2245 quae
1001 2197 1030 2228 a
1049 2182 1180 2229 nobis
1196 2197 1304 2229 curn
1316 2182 1625 2232 familiaribus

281 2245 445 2293 nostris
465 2245 514 2292 in
536 2245 802 2292 Tusculano
824 2255 953 2292 erant
973 2245 1215 2308 disputata.
1249 2245 1357 2305 Sed,
1377 2248 1622 2310 quoniam,

281 2309 461 2357 duobus
500 2309 820 2372 superioribus,
843 2310 901 2357 de
929 2319 1076 2358 morte
1097 2317 1143 2356 et
1170 2309 1228 2356 de
1255 2309 1410 2357 dolore
1439 2311 1622 2362 dictum

196 2409 203 2416 .
281 2382 365 2432 est,
396 2373 554 2420 tertius
588 2373 683 2420 dies
709 2373 1025 2435 disputationis
1058 2374 1146 2421 hoc
1178 2373 1362 2420 tertium
1399 2376 1623 2424 volumen

282 2437 456 2485 efficiet.
503 2437 573 2484 Ut
601 2436 725 2482 enim
752 2436 800 2482 in
822 2437 1124 2484 Academiam
1152 2446 1354 2484 nostram
1385 2437 1622 2488 descendi-

277 2514 401 2558 mus,
422 2498 639 2547 inclinato
666 2501 767 2559 jam
792 2499 842 2545 in
870 2501 1276 2562 postmeridianum
1305 2509 1491 2564 tempus
1526 2504 1620 2563 die,

278 2562 464 2624 poposci
491 2573 649 2609 eorum
670 2563 888 2635 aliquem,
912 2563 996 2626 qui
1027 2565 1230 2624 aderant,
1261 2579 1446 2612 causam
1477 2566 1620 2616 disse-

278 2625 423 2673 rendi.
457 2625 588 2674 Tum
608 2640 678 2674 res
700 2635 800 2674 acta
820 2625 883 2674 sic
904 2635 986 2674 est.
