1834 2925
392 138 1388 205 TUSQQUAEST.1,12.1v.cn.1-'>.
1455 146 1552 195 229

211 272 403 333 similes,
442 274 669 323 similibus
704 274 869 332 verbis,
904 274 1052 321 animi
1089 274 1206 323 vires
1237 274 1550 321 nominantur.

210 338 447 400 Velocitas
474 348 630 387 autem
662 338 859 401 corporis
890 338 1096 386 celeritas
1124 338 1412 402 appellatum
1446 352 1552 413 qum

210 401 373 449 eudem
411 403 587 465 ingenii
620 403 757 450 etiam
793 403 897 450 laus
933 402 1150 463 habetur,
1185 412 1371 466 propter
1407 402 1550 449 animi

208 466 467 514 multarum
487 482 641 514 rerum
660 466 788 515 brevi
808 476 1015 531 tempore
1034 464 1386 531 percursionem.

294 530 437 579 XIV.
485 531 615 579 Illud
650 531 910 579 animorum
946 546 1279 607 corporumque
1313 530 1549 589 dissimile,

213 595 343 659 quod
376 594 523 642 animi
558 596 758 643 valentes
798 597 962 643 morbo
999 596 1164 643 tentari
1197 610 1292 643 non
1327 602 1548 658 possunt,

208 674 400 722 corpora
418 669 621 722 possunt.
656 660 747 707 Sed
766 676 1011 723 corporum
1031 660 1301 708 effusiones
1326 660 1423 707 sine
1453 659 1552 707 cul-

209 723 275 787 pa
300 723 499 771 accidere
528 733 736 787 possunt,
758 724 1020 771 animorum
1047 739 1140 772 non
1169 724 1315 772 item·
1351 738 1552 787 quorum

210 802 373 837 omncs
392 788 542 835 morbi
563 797 611 835 et
628 788 990 862 perturbationes
1019 803 1078 835 ex
1098 788 1450 863 adspernatione
1478 802 1552 834 ra-

210 852 351 899 tionis
378 852 607 899 eveniunt.
657 853 823 927 Itaque
852 851 901 900 ιιι
935 852 1200 901 hominibus
1229 853 1379 901 solum
1410 852 1552 899 exsis-

210 924 348 964 tunt·
382 930 493 963 nam
529 916 685 965 bestiae
718 915 869 964 simile
900 916 1124 980 quiddam
1159 916 1352 975 faciunt,
1387 916 1467 965 sed
1498 916 1549 963 in

210 979 579 1056 perturbationes
594 995 686 1028 non
706 980 931 1028 incidunt.
989 980 1116 1027 Inter
1137 990 1296 1029 acutos
1325 989 1480 1027 autem
1503 988 1549 1028 et

210 1044 334 1092 inter
352 1044 535 1092 hebetes
566 1045 766 1103 interest,
789 1045 917 1119 quod
945 1044 1186 1120 ingeniosi,
1219 1052 1274 1092 ut
1299 1060 1362 1093 οε
1387 1044 1552 1092 Corin·

213 1108 406 1155 thium'
388 1122 441 1155 ιιι
472 1109 739 1172 eruginem,
763 1110 827 1156 sic
850 1108 922 1155 illi
954 1109 1004 1155 in
1025 1111 1240 1156 morbum
1271 1118 1316 1156 et
1344 1108 1554 1156 incidunt

214 1172 407 1232 tardius,
430 1181 477 1220 et
496 1182 753 1221 recreantur
772 1188 944 1236 ocyus3
977 1172 1161 1221 hebetes
1179 1187 1274 1220 non
1289 1173 1415 1219 item.
1450 1172 1554 1220 Nee

212 1252 324 1285 vero
355 1237 406 1283 ιιι
424 1252 617 1311 ‘omnem
636 1239 851 1311 morbum
884 1252 940 1283 ac
959 1237 1346 1300 perturbationem
1368 1236 1552 1284 anirnus

212 1300 439 1377 ingeniosi
458 1301 608 1349 ondita
642 1297 736 1349 non‘
769 1300 893 1349 enim
923 1300 1122 1365 [multa]
1159 1301 1357 1359 efferata,
1389 1309 1434 1347 et
1458 1300 1551 1349 im-

213 1366 402 1413 mania.
437 1365 651 1441 quaedam
674 1374 830 1413 autem
858 1365 1158 1413 humanitatis
1178 1382 1242 1429 qu
1303 1380 1362 1413 ue
1381 1366 1553 1413 habent

210 1430 415 1494 primam
446 1430 660 1494 speciem,
690 1437 745 1478 ut
771 1429 1093 1490 misericordia,
1124 1430 1284 1494 εει-ιω
1317 1445 1362 1487 o,
1384 1437 1550 1478 metus·

211 1495 557 1558 AEgrotationes
578 1503 733 1543 autem
763 1495 1006 1558 morbique
1033 1495 1292 1542 animorum
1321 1464 1551 1541 difficilius

210 1559 351 1608 evelli
380 1575 513 1622 posse
538 1568 776 1622 putantur,
810 1574 954 1622 quam
983 1573 1168 1606 summa
1194 1558 1276 1605 illa
1296 1557 1422 1615 vitia,
1445 1573 1552 1620 quie

211 1623 461 1672 virtutibus
482 1633 591 1672 sunt
610 1623 847 1672 contraria.
890 1623 1074 1670 Morbis
1095 1623 1219 1670 enim
1239 1621 1548 1680 manentibus,

209 1687 327 1736 vitia
347 1689 527 1736 sublata
547 1704 641 1736 esse
660 1703 753 1736 non
772 1695 982 1751 possunt,
1000 1688 1110 1750 quia
1124 1701 1218 1734 non
1234 1694 1330 1733 tam
1351 1685 1552 1733 celeriter

207 1761 451 1810 sanantur,
474 1767 616 1815 quam
636 1753 717 1800 illa
737 1753 977 1800 tolluntur.

276 1816 441 1864 Habes
461 1831 531 1874 ee,
555 1833 661 1880 quae
681 1816 740 1864 de
760 1817 1178 1880 perturbationibus
1199 1815 1430 1864 enucleate
1458 1814 1554 1862 dis-

206 1889 379 1945 putant
402 1833 589 1940 Stoici,q
581 1897 687 1944 quae
708 1881 882 1955 1303:oe
912 1881 1164 1956 appellant,
1188 1880 1299 1944 quia
1323 1879 1552 1927 disserun-

205 1955 289 1993 tur
307 1945 537 1992 subtilius.
570 1945 647 1992 Ex
662 1945 830 2008 quibus
842 1945 1082 2008 quoniam,
1100 1954 1340 2008 tamquam
1355 1959 1381 1991 e
1400 1943 1552 2004 [scru-

206 2010 411 2073 pulosis]
437 2010 661 2068 cautibus,
686 2009 945 2072 enavigavit
965 2009 1127 2066 oratio,
1145 2009 1333 2084 reliqua
1348 2009 1554 2072 disputa-

204 2074 347 2122 tionis
380 2089 567 2122 cursum
602 2081 871 2129 teneamus,
918 2073 1057 2121 modo
1093 2073 1200 2122 satis
1233 2073 1316 2120 1112
1352 2072 1553 2120 dilucide

204 2138 481 2196 dixerimus,
502 2154 587 2201 pro
607 2153 761 2186 rerum
781 2138 1067 2186 obscuritate.
1103 2138 1324 2185 Auditor.
1359 2137 1557 2184 Prorsus

204 2202 353 2250 satis·
404 2202 500 2259 sed,
540 2202 579 2250 si
616 2218 711 2266 qua
746 2201 1011 2264 diligentius
1053 2210 1188 2250 erunt
1224 2200 1552 2276 cognoscenda,

206 2282 471 2331 queremus
491 2267 632 2314 alias.
667 2280 793 2314 nunc
813 2267 932 2324 vela,
955 2282 1062 2330 qua‘.
1087 2265 1228 2315 modo
1248 2266 1447 2324 dicebas,
1471 2279 1552 2312 ex-

412 2347 485 2389 us,
509 2340 555 2378 et
575 2345 775 2379 cursum.

270 2395 388 2444 XV.
424 2397 641 2442 Marcus.
675 2394 879 2455 Quando
917 2403 963 2442 et
1001 2395 1104 2442 aliis
1136 2394 1249 2442 locis
1286 2393 1347 2440 de
1383 2392 1557 2439 virtute

202 2461 431 2518 diximus,
454 2469 499 2507 et
650 2459 897 2506 dicendum
912 2459 1000 2506 erit
1023 2460 1275 2534 (pleraeque
1289 2457 1412 2504 enim
1426 2471 1554 2518 quae-

202 2525 390 2581 stiones,
412 2540 521 2587 quae
620 2523 763 2572 vitam
790 2539 1049 2598 moresque
1053 2522 1302 2586 pertinent,
1325 2536 1356 2566 a
1370 2519 1553 2566 virtutis

200 2591 305 2640 font
317 2604 345 2636 e
365 2589 617 2646 ducuntur)
639 2587 859 2651 quando
844 2587 987 2650 igitur
1007 2586 1151 2634 virtus
1172 2594 1240 2632 est
1259 2582 1436 2631 affectio
1457 2581 1557 2628 ani-

203 2654 275 2706 mi
316 2661 529 2701 constans
559 2652 938 2718 conveniensque,
967 2649 1222 2700 laudabiles
1252 2646 1448 2695 efficiens
1479 2659 1554 2694 eo·
1617 2703 1622 2708 ¹

272 2718 502 2778 (Philoe.)
530 2729 659 2766 vox..
683 2729 772 2766 ιιι.
1125 2726 1164 2759 x
