1834 2925
292 136 384 193 1¹72
470 136 657 187 Tusc.
676 136 944 198 QUAEST.
968 136 1089 188 Lu.
1113 134 1186 184 11.
1207 134 1336 186 CAP.
1359 136 1458 201 20..

286 279 381 328 quo
395 264 511 313 nihil
526 265 759 314 brevius.”
782 265 1043 314 contemno
1052 264 1422 328 magnimdinem
1437 262 1625 323 doloris,

284 344 317 375 a
350 331 445 397 qua
478 344 555 378 me
587 331 783 379 brevitas
817 330 1034 393 temporis
1068 329 1315 377 vindicabit
1341 337 1454 375 ante
1481 343 1629 391 ptr-ne,

285 409 428 455 quam
450 395 651 442 venerit:
675 396 772 452 sed,
796 395 835 442 si
856 404 924 441 ωε
943 402 1098 441 tantus
1119 393 1266 452 dolor,
1289 401 1493 455 quantus
1515 392 1629 439 Phi-

284 457 463 505 loctetae
478 462 500 506 ?
532 460 663 507 Bene
684 474 821 506 sanet
855 474 1056 521 magnus
1075 457 1192 504 mihi
1213 458 1402 521 quidem
1423 456 1626 515 videtur,
1693 491 1701 501 .

282 522 366 569 sed
394 532 549 571 tamen
571 538 664 571 non
686 538 895 571 summus
915 540 929 569 ε
967 522 1084 569 nihil
1105 522 1228 569 enim
1251 522 1392 580 dolet,
1423 521 1514 567 nisi
1535 536 1630 583 pes.

290 586 492 635 Possunt
511 588 659 635 oculi:
694 596 844 650 potaet
864 596 1020 649 caput,
1042 587 1202 644 latera,
1228 586 1474 648 pulmones
1489 602 1503 631 ε
1528 600 1634 647 pos-

283 659 399 698 sunt
436 652 604 699 omnia.
653 650 817 715 Longe
848 652 1148 713 igitur.abest
1179 665 1208 696 a
1239 664 1425 696 summo
1459 649 1632 697 dolore.

276 716 327 759 .·“
350 715 531 777 Ergo,”
563 716 732 778 inquit,
768 718 802 743 “
834 715 966 763 dolor
1002 715 1248 761 diuturnus
1286 714 1426 760 habet
1461 713 1635 761 laefitiae

288 778 411 841 plus,
435 793 578 843 quam
600 780 869 828 molestiae-’⁹

352 843 403 889 N
406 858 496 890 unc
517 860 601 907 ego
622 860 715 891 non
726 845 941 907 possum,
964 852 1145 891 tantum
1167 842 1404 897 hominem
1421 841 1544 888 nihil
1561 858 1633 889 sa-

288 922 395 969 pere
416 906 591 955 dicere:
628 908 706 955 sed
727 924 810 956 nos
830 911 890 955 ab
912 924 966 955 eo
987 907 1182 955 derideri
1202 915 1330 969 puto.
1373 906 1484 968 Ego
1505 920 1635 953 sum-

286 985 421 1017 mum
438 972 641 1019 dolorem
659 976 917 1026 (summum
940 980 1096 1019 autem
1117 971 1234 1029 dico,
1259 970 1399 1017 etiam
1416 970 1457 1017 si
1475 970 1634 1017 deeem

284 1036 454 1083 atomis
476 1045 543 1083 est
564 1038 711 1097 major
740 1038 877 1096 alius)
908 1051 1003 1083 non
1032 1034 1250 1083 continuo
1278 1035 1382 1082 dieo
1409 1050 1511 1081 esse
1531 1036 1635 1081 bre-

292 1114 397 1147 vem
412 1116 427 1147 =
461 1101 723 1165 multosque
753 1116 942 1165 possum
970 1103 1112 1148 bonos
1135 1099 1253 1146 viros
1273 1098 1530 1159 nominare,
1555 1099 1639 1162 qui

284 1165 547 1227 complures
566 1180 709 1213 annos
730 1166 964 1213 doloribus
984 1164 1199 1227 podagrae
1219 1163 1481 1211 crucientur
1499 1178 1636 1210 max-

289 1228 413 1275 imis.
461 1228 552 1276 Sed
580 1229 721 1277 homo
742 1240 869 1277 catus
898 1244 1140 1293 nunquam
1161 1228 1377 1275 terminat
1397 1242 1638 1291 neumag—

288 1292 513 1339 nitudinis
547 1309 630 1341 nec
660 1294 973 1341 diutuunitatis
1002 1292 1214 1350 modum,
1244 1300 1298 1338 ut
1327 1292 1488 1351 sciam,
1521 1292 1639 1355 quid

292 1370 531 1403 summum
564 1358 686 1405 dicat
719 1358 769 1405 in
801 1357 974 1417 dolore,
1013 1357 1128 1421 quid
1159 1358 1296 1403 breve
1329 1356 1380 1403 in
1413 1365 1636 1419 tempore.

290 1420 579 1470 Omittamus
598 1421 723 1470 hunc
744 1422 901 1485 igitur,
925 1422 1042 1469 nihil
1062 1436 1247 1484 prorsus
1267 1419 1498 1468 dicentem
1513 1437 1528 1468 ε
1565 1435 1640 1469 eo-

292 1501 549 1550 gamusque
576 1487 795 1543 confiteri,
819 1501 913 1534 non
941 1503 1040 1534 esse
1067 1488 1126 1533 ab
1156 1501 1210 1533 eo
1238 1484 1406 1532 doloris
1434 1485 1641 1533 remedia

283 1551 553 1614 quaerenda,
570 1552 652 1615 qui
667 1551 872 1598 dolorem
888 1551 1118 1599 malorum
1140 1549 1351 1597 omnium
1371 1550 1638 1597 maximum

285 1615 489 1674 dixerit3
513 1616 723 1680 quamvis
743 1615 867 1662 idem
891 1615 1159 1663 forticulum
1181 1630 1245 1670 se,
1269 1614 1318 1660 in
1339 1613 1638 1673 torminibus,

290 1687 338 1726 et
368 1680 419 1726 in
454 1679 713 1743 stranguria
745 1680 845 1739 sua,
878 1681 1095 1744 praebeat.
1143 1677 1354 1726 Aliunde
1389 1677 1538 1740 igitur
1571 1687 1640 1726 est

286 1745 537 1806 quaerenda
568 1744 811 1804 medicina,
852 1752 898 1791 et
935 1744 1140 1790 maxime
1179 1742 1369 1806 quidem
1409 1742 1486 1800 (si,
1523 1742 1640 1805 quid

283 1808 493 1855 maxime
514 1818 867 1856 consentaneum
889 1808 966 1868 sit,
991 1807 1260 1872 quaerimus)
1279 1808 1338 1854 ab
1353 1806 1427 1865 iis,
1445 1807 1636 1869 quibus,

288 1871 417 1933 quod
437 1872 681 1921 honestum
710 1873 785 1932 sit,
816 1887 1056 1920 summum
1086 1873 1294 1927 bonum;
1331 1869 1457 1934 quod
1479 1879 1634 1933 turpe,

288 1949 531 1983 summum
561 1937 741 1984 videtur
768 1937 963 1984 malum.
1012 1937 1104 1984 His
1139 1944 1191 1982 tu
1225 1935 1529 1998 praesentibus
1557 1950 1641 1997 ge—

289 2013 431 2072 mere,
466 1997 511 2048 εὶ
539 2008 585 2048 te
601 2003 798 2062 iactare,
828 2016 924 2049 non
944 2000 1134 2048 audebis
1154 1999 1356 2062 profecto
1371 2015 1386 2046 ι
1419 1999 1640 2063 loquetur

288 2077 417 2110 emm
438 2077 599 2112 eorum
620 2081 729 2113 voee
748 2065 893 2113 virtus
912 2065 1015 2128 ipsa
1035 2074 1204 2112 tecum.
1301 2119 1307 2127 ,

355 2126 472 2175 XX.
506 2129 661 2190 Tune,
684 2145 793 2176 cum
813 2145 979 2192 pueros
1001 2128 1352 2188 Lacedaemone,
1374 2127 1639 2176 adolescen-

286 2199 358 2238 tes
379 2191 633 2256 olympiae,
664 2195 878 2241 barbaros
906 2193 958 2240 in
987 2193 1142 2252 arena,
1174 2193 1342 2240 videris
1361 2193 1641 2255 excipientes

291 2257 581 2318 gravissimas
602 2259 779 2322 plagas,
802 2267 848 2304 et
865 2259 1061 2305 ferentes
1081 2257 1278 2316 silentio,
1303 2257 1342 2304 si
1363 2265 1409 2304 te
1424 2257 1542 2304 forte
1557 2257 1642 2304 do-

292 2321 365 2367 lor
391 2321 559 2384 aliquis
587 2323 863 2385 pervellerit,
898 2321 1193 2380 exclamabis,
1226 2329 1282 2368 ut
1300 2321 1468 2369 mulier
1483 2323 1507 2369 P
1541 2336 1638 2368 non

288 2393 551 2432 oonstanter
572 2395 617 2432 et
638 2386 791 2432 sedate
812 2387 929 2433 feres
943 2388 966 2432 Ξ)
1015 2385 1139 2434 Fieri
1154 2399 1248 2432 non
1268 2393 1446 2448 potest:
1471 2395 1642 2433 natura

290 2463 383 2495 non
405 2449 593 2512 patitur.
639 2449 815 2497 Audio.
851 2449 994 2496 Pueri
1012 2451 1185 2509 ferunt,
1208 2450 1356 2512 gloria
1375 2449 1534 2506 ductu
1567 2449 1640 2498 fe-

287 2522 399 2559 runt
413 2512 589 2575 pudore
609 2513 706 2572 alii,
729 2514 868 2560 multi
888 2525 1050 2570 metu;
1085 2524 1132 2562 et
1150 2523 1306 2562 tamen
1328 2529 1557 2574 veremur,
1578 2523 1639 2562 ut

286 2575 392 2634 hoc,
416 2575 542 2640 quod
563 2592 592 2623 a
612 2585 708 2624 tam
730 2577 907 2635 multis,
931 2586 978 2625 et
999 2578 1125 2641 quod
1145 2587 1215 2626 tot
1232 2579 1344 2626 locis
1360 2577 1636 2640 perferatur,

286 2647 455 2688 natura
474 2640 675 2704 patiatur
690 2644 712 2689 ?
748 2641 841 2688 1112
861 2657 968 2690 vero
987 2657 1083 2690 non
1103 2642 1244 2691 modo
1263 2643 1456 2708 patitur,
1474 2658 1642 2692 verum
