1834 2925
388 131 574 185 TUsc.
599 133 860 195 QUAEST.
884 135 1008 185 Iani.
1031 134 1104 185 11.
1138 134 1268 187 CAP-
1295 137 1371 187 19.
1457 136 1546 193 171

212 264 541 377 ffm‘⁸²¹'mn⁸¹¹*}
562 264 1138 377 35022031333‘2'5‘135203?
1146 274 1276 377 32:32
1288 264 1445 392 ἳὲῗωῗ
1456 281 1558 377 33:

213 392 321 439 lum
350 393 519 453 dolere,
554 409 713 453 necne,
748 394 890 441 Stoici
923 394 1134 451 viderint,
1175 393 1258 457 qui
1291 395 1558 441 contortulis

215 457 499 519 quibusdam
520 474 574 506 ac
592 458 785 506 minutia
801 458 1198 515 conclusiunculis,
1215 473 1300 505 nec
1320 457 1381 504 ad
1401 473 1558 505 sensus

212 523 611 583 permanantibus,
638 522 755 571 effici
781 524 958 581 volunt,
990 537 1084 570 non
1113 538 1210 569 esse
1229 522 1409 569 malum
1430 522 1558 571 dolo-

212 600 333 632 rem.
366 586 473 649 Ego
493 587 627 646 illud,
650 587 879 651 quidquid
899 586 975 645 sit,
993 595 1176 633 tantum
1198 602 1310 661 esse,
1328 595 1558 649 quantum

214 649 445 708 videamr,
476 666 570 698 non
598 661 741 715 puto·
775 652 984 715 falsaque
1014 652 1114 712 ejus
1143 652 1316 699 visione
1345 660 1392 699 et

210 713 393 761 moveri
407 683 615 763 h’omines
630 716 733 763 dico
747 716 1078 774 vehementius,
1095 715 1392 779 doloremque
1409 715 1558 779 [ejus]

208 792 404 825 omnem
436 795 529 827 esse
557 780 857 828 tolerabilem.
912 779 1053 828 Unde
1082 780 1223 843 igitur
1251 780 1402 827 ordiar
1416 783 1439 828 ἲ
1473 780 1557 827 An

206 843 377 890 eadem
398 844 593 919 breviter
613 844 857 919 attingam,
806 860 1009 1019 Ῐι,ιιιιιιιι
1014 844 1154 893 modo
1182 844 1298 905 dixi,
1331 860 1426 909 quo
1445 844 1558 893 faci-

902 923 1068 971 ongius
1083 910 1105 956 Ρ

204 1038 362 1085 mines
392 1038 561 1097 solum,
700 1038 839 1085 etiam
866 1037 1090 1097 indoctos,
1123 1036 1326 1084 virorum
1347 1052 1442 1085 ease
1462 1038 1556 1085 for-

208 1102 355 1160 tium,
389 1111 436 1149 et
456 1102 875 1165 magnanimorum,
898 1110 946 1149 et
969 1100 1263 1164 patientium,
1285 1110 1332 1149 et
1349 1101 1557 1149 humana
1639 1150 1648 1158 ‚

209 1166 518 1226 vincentium,
541 1167 783 1215 toleranter
804 1166 1009 1213 dolorem
1031 1165 1142 1228 pati.
1176 1164 1226 1213 N
1229 1180 1279 1213 ec
1301 1180 1410 1213 vero
1431 1166 1558 1229 quis-

209 1246 363 1293 quam
388 1230 497 1289 fuit,
520 1231 601 1293 qui
623 1246 749 1289 eum,
770 1229 855 1293 qui
874 1230 942 1277 ita
968 1238 1216 1293 pateretur,
1238 1244 1332 1277 non
1361 1230 1557 1278 laudan-

206 1294 331 1343 dum
348 1303 545 1357 putaret.
589 1294 731 1353 Quod
752 1310 860 1356 ergo
882 1303 928 1342 et
947 1295 1206 1369 pectinatur
1225 1310 1254 1341 a
1274 1294 1488 1353 fortibus,
1511 1302 1558 1343 et

200 1360 427 1407 laudatur
460 1374 567 1407 cum
601 1358 671 1419 fit,
702 1358 751 1405 id
786 1366 868 1405 aut
896 1359 1189 1407 extimescere
1231 1358 1434 1419 veniens,
1473 1367 1557 1407 aut

202 1439 305 1473 non
326 1424 447 1478 ferre
468 1437 681 1487 presens,
704 1436 857 1472 nonne
872 1432 1008 1488 turpe
1024 1426 1128 1472 est?
1161 1422 1315 1487 Atqui
1336 1423 1456 1483 vide,
1475 1438 1552 1484 ne,

200 1505 318 1538 cum
354 1503 515 1537 omnes
542 1497 677 1537 rectae
710 1487 854 1536 animi
880 1489 1140 1536 affectiones
1170 1491 1369 1535 virtutes
1397 1489 1557 1550 appeln

200 1555 383 1614 lentur,
416 1567 511 1601 non
541 1553 601 1601 sit
630 1554 716 1600 hoc
744 1553 983 1616 proprium
1008 1567 1178 1600 nomen
1199 1552 1439 1599 οιιιιιιιιιιι.

196 1621 265 1666 ab
288 1619 363 1678 ea,
394 1633 501 1681 quae
521 1633 617 1666 una
636 1617 807 1691 caeoeria
835 1617 1103 1675 excellebat,
1125 1631 1286 1664 omnes
1306 1615 1556 1664 nominata

198 1683 313 1730 sint.
348 1683 605 1746 Appellato
626 1690 694 1730 est
714 1679 835 1728 enim
860 1697 918 1730 ex
942 1683 1046 1728 viro
1067 1684 1253 1728 virtue.-
1287 1680 1375 1727 viri
1396 1688 1553 1728 autem

195 1747 393 1810 propria
424 1747 629 1794 maxime
666 1755 734 1794 eet
770 1745 1022 1792 fortitudo.
1057 1747 1189 1806 cujus
1225 1759 1421 1792 munera
1458 1743 1552 1794 duo

196 1821 313 1858 aunt
342 1811 567 1885 maxima,
598 1811 759 1858 mortis
792 1808 1052 1884 dolorisque
1085 1809 1348 1858 contemtio.
1402 1809 1554 1857 Uten-

186 1875 321 1922 dum
344 1885 415 1922 est
434 1874 578 1936 igitur
596 1875 686 1934 his,
709 1874 747 1922 si
768 1874 950 1922 virtutis
971 1884 1218 1950 compotes,
1242 1874 1315 1921 vel
1334 1873 1488 1936 potius
1509 1875 1550 1922 ει

196 1941 306 1999 viri,
330 1941 549 1987 volumus
568 1955 681 2000 esse,
704 1938 928 2003 quoniam
949 1955 978 1988 a
997 1939 1106 1988 viria
1127 1939 1270 1987 virtus
1291 1953 1460 1986 nomem
1482 1947 1552 1986 eat

196 2012 433 2054 mutuata.

264 2067 414 2116 XIX.
449 2066 642 2127 Quaeres
669 2067 875 2126 fortasse,
906 2083 1004 2131 quo
1022 2067 1192 2116 modo=
1228 2075 1274 2116 et
1293 2072 1443 2116 recte:
1478 2075 1549 2116 ta-

196 2135 295 2181 lem
325 2133 455 2180 enim
483 2131 761 2180 medicinam
788 2084 1080 2196 philosophia
1099 2131 1352 2194 profitetur.
1404 2132 1550 2180 Venit

196 2199 455 2261 Epicurus,
487 2195 629 2244 homo
650 2197 842 2244 minime
864 2196 1032 2255 malua,
1067 2197 1140 2244 vel
1165 2197 1318 2259 potius
1339 2196 1410 2244 vir
1431 2197 1552 2259 opti-

199 2278 339 2310 mus:
376 2269 563 2308 tantum
594 2270 769 2322 monet,
808 2269 1037 2324 quantum
1075 2261 1321 2324 intelligit:
1357 2263 1393 2289 “
1417 2261 1465 2307 N
1471 2276 1550 2322 eg-

198 2327 347 2390 lige,”
380 2326 554 2389 inquit,
591 2328 625 2356 “
640 2325 896 2374 dolorem-⁹⁹
946 2323 1066 2384 Quis
1094 2325 1182 2372 hoc
1211 2325 1359 2372 dicit?
1395 2323 1548 2383 Idem,

197 2393 285 2455 qui
302 2391 510 2439 dolorem
528 2405 767 2438 summum
784 2389 977 2436 malum.
1029 2388 1128 2438 Vix
1150 2389 1257 2436 satis
1278 2395 1550 2436 constanter.
1563 2415 1566 2420 -

198 2457 486 2504 Audiamus,
538 2455 641 2502 “Si
676 2469 886 2502 summus
908 2453 1040 2500 dolor
1060 2453 1180 2511 eet,”
1213 2451 1382 2525 inquit,
1419 2453 1455 2480 “
1470 2465 1552 2498 ne-

194 2537 319 2570 cesse
340 2529 409 2569 est
424 2522 613 2568 brevem
630 2535 745 2566 esse-
742 2519 773 2542 ”
822 2517 1097 2566 Iterandum
1119 2515 1279 2564 eadem
1297 2515 1386 2561 ista
1400 2514 1548 2562 mihi.

195 2601 293 2634 non
314 2585 445 2634 enim
475 2583 584 2632 satis
612 2582 835 2646 intelligo,
870 2582 986 2646 quid
1015 2594 1254 2628 summum
1285 2578 1410 2624 dicas
1437 2592 1551 2636 esse,

114 2653 127 2666 '
193 2651 309 2716 quid
324 2653 481 2700 breve·
498 2652 535 2679 “
542 2649 813 2709 Summum,
823 2662 919 2712 quo
935 2645 1052 2698 nihil
1071 2645 1131 2694 sit
1147 2641 1378 2708 superina-
1362 2641 1550 2704 ὤπυιε,
