1834 2925
261 150 355 201 ιιι
460 144 649 198 ruso.
672 144 940 208 QnAEs'r.
957 146 1080 197 1:113.
1099 102 1142 193 ι.
1159 144 1289 195 om
1307 147 1387 195 ιι.

270 294 423 328 ιιιιιιιιι
454 290 503 327 et
538 276 753 341 simplex,
786 276 855 324 its
886 275 1158 339 figuramm,
1193 282 1250 323 ut
1285 273 1626 339 temperatione

276 352 457 394 naturae
476 343 629 405 vigeat
648 350 697 389 et
714 341 894 389 sentiat.

338 408 630 466 Aristoteles,
652 406 789 468 longe
808 404 1024 453 omnibus
1047 404 1314 458 (Platonem
1335 418 1524 467 semper
1543 418 1629 451 ex-

277 473 417 537 cipio)
438 480 657 545 praestans
678 482 725 517 et
743 470 930 531 ingenio
951 480 997 516 et
1015 468 1272 531 diligentia,
1290 483 1401 515 cum
1421 477 1630 531 quatuor

277 538 361 585 ills
380 552 547 612 genera
574 534 904 609 principiorum
937 541 1053 581 esset
1080 533 1365 595 complexus,
1395 548 1423 580 e
1453 532 1630 595 quibus

284 602 442 651 omnia
460 600 702 658 orirentur,
720 597 933 661 quintam
959 597 1212 660 quamdam
1241 604 1456 643 naturam
1479 604 1638 644 censet

283 682 395 723 esse,
419 680 445 711 e
466 663 562 727 quit
582 662 642 710 sit
661 677 806 709 mens.
842 662 1058 725 Cogitate
1073 661 1214 718 enim,
1239 669 1285 708 et
1305 661 1562 723 providere,
1587 668 1638 708 et

288 730 475 788 discere,
508 736 553 775 et
573 727 748 785 docere,
772 735 818 774 et
837 726 1044 774 invenire
1071 694 1264 789 aliquid,
1291 734 1339 772 et
1359 734 1459 772 tam
1480 726 1638 773 multa

288 795 398 852 alis,
421 790 699 849 meminisse,
718 806 889 848 amare,
904 790 1068 849 odisse,
1091 804 1274 865 cupere,
1297 790 1479 849 timere,
1504 790 1636 853 angi,

290 858 470 913 laem-ig
504 856 619 912 haec,
660 864 705 902 et
740 854 907 902 similia
939 870 1117 912 eorum,
1150 854 1200 899 in
1232 853 1402 901 horum
1433 864 1641 919 quatuor

292 936 515 1001 generum
530 888 689 967 nul'lo·
674 934 821 967 messe
832 928 980 994 putat.
1015 888 1250 993 Quintum
1266 932 1414 981 genus
1427 902 1640 979 adhibet,

292 985 458 1035 vainans
490 984 703 1032 nomine.
748 992 795 1030 et
826 984 891 1031 sic
923 983 1079 1045 ipsum
1117 982 1328 1029 animum
1363 1000 1402 1027 εν
1405 1000 1458 1027 τε
1461 990 1645 1045 λεχειαυ

291 1050 493 1113 appellat
514 1064 633 1097 novo
658 1048 860 1107 nomine,
883 1048 1016 1111 quasi
1035 1047 1290 1111 quamdam
1318 1045 1643 1109 continuatam

296 1115 548 1163 motionem
570 1122 616 1161 et
635 1126 896 1175 perennem,

362 1179 456 1226 XI.
492 1178 599 1225 Nisi
619 1193 725 1241 quae
744 1192 821 1224 me
840 1176 958 1223 forte
973 1175 1176 1238 fugiunt,
1193 1175 1268 1221 hae
1288 1182 1398 1222 sunt
1419 1174 1516 1223 fere
1537 1190 1645 1223 om-

298 1244 432 1291 nium
453 1242 511 1289 de
532 1242 687 1295 animo
708 1240 956 1287 sententiae.
999 1240 1320 1287 Democritum
1341 1238 1486 1298 enim,
1510 1254 1650 1301 mag-

294 1322 411 1355 num
443 1304 631 1379 quidem
662 1304 799 1352 illum
828 1305 1000 1363 virum,
1034 1304 1114 1351 sed
1143 1304 1336 1351 laevibus
1367 1311 1414 1351 et
1435 1304 1652 1352 rotundis

297 1369 575 1434 corpusculis
612 1369 880 1420 efficientem
925 1369 1134 1416 animum
1173 1382 1394 1416 concursu
1433 1368 1646 1430 quodam

296 1436 503 1494 fortuito,
526 1434 822 1482 omittamus.
857 1432 976 1480 nihil
997 1442 1067 1482 est
1081 1432 1204 1481 enim
1227 1432 1355 1496 apud
1373 1432 1502 1492 istos,
1517 1433 1650 1497 quod

298 1515 393 1548 non
414 1508 673 1548 atomorum
690 1501 825 1546 turba
844 1497 1066 1546 conficiat.
1101 1498 1288 1545 Harum
1309 1497 1648 1545 sententiarum

300 1583 407 1630 quae
428 1580 535 1612 vera
562 1563 637 1621 sit,
661 1563 792 1610 Deus
824 1563 990 1626 aliquis
1012 1563 1204 1610 viderit·
1240 1577 1346 1636 quae
1367 1561 1650 1610 verisimilli-

300 1645 397 1688 ma,
420 1644 591 1692 magna
612 1628 802 1692 quaestio
822 1635 903 1674 est.
939 1626 1113 1674 Utrum
1133 1627 1276 1689 igitur
1294 1625 1414 1673 inter
1435 1626 1522 1673 has
1543 1643 1650 1675 sen-

301 1694 466 1742 tentias
497 1693 747 1754 dijudicare
774 1691 1028 1750 malumus,
1063 1706 1124 1738 an
1147 1691 1206 1738 ad
1227 1691 1514 1753 propositum
1541 1691 1649 1740 red-

297 1759 365 1806 ire
384 1761 406 1806 ?
456 1759 678 1804 Auditor.
724 1757 954 1818 Cuperem
1011 1755 1228 1818 equidem
1270 1763 1542 1817 utrumque,
1603 1755 1645 1803 si

303 1831 488 1898 posset·
523 1821 602 1868 sed
640 1828 707 1868 est
744 1819 927 1867 difficile
963 1819 1255 1867 confundere.
1303 1817 1480 1878 Quare,
1505 1819 1563 1879 si,
1595 1829 1652 1867 ut

302 1895 392 1934 ista
412 1901 505 1934 non
528 1885 821 1941 disserantur,
842 1884 1028 1931 liberari
1048 1884 1208 1930 mortis
1228 1892 1358 1930 metu
1379 1899 1649 1946 possumus,

302 1951 353 1998 id
367 1964 591 2026 ‘agamus
642 1949 725 1997 Sin
760 1948 807 1995 id
837 1962 931 1995 non
965 1956 1128 2010 potest,
1160 1948 1247 1995 nisi
1278 1947 1366 1996 hac
1395 1949 1653 2010 quaestione

252 2057 269 2078 ,
303 2015 566 2062 animorum
601 2011 841 2076 explicata,
880 2027 1022 2070 nunc,
1059 2011 1098 2059 si
1135 2012 1330 2070 videtur,
1367 2011 1487 2058 hoc.
1523 2012 1648 2060 illud

304 2079 430 2127 alias.
465 2080 682 2124 Marcus.
708 2077 851 2136 Quod
870 2077 1012 2124 malle
1031 2085 1078 2124 te
1097 2077 1320 2139 intelligo,
1344 2075 1393 2122 id
1408 2085 1524 2138 puto
1545 2092 1648 2126 esse

305 2141 605 2191 commodius.
640 2141 823 2189 Efficiet
842 2140 968 2188 enim
989 2141 1121 2200 ratio,
1139 2149 1194 2188 ut
1215 2155 1521 2204 quaecumque
1541 2157 1655 2189 vera.

308 2207 369 2254 sit
388 2221 545 2254 eorum
571 2207 900 2253 sententiarum
923 2221 1038 2269 quas
1059 2205 1267 2268 exposui,
1290 2220 1414 2252 mors
1443 2214 1527 2252 aut
1548 2221 1655 2253 ma-

307 2273 411 2319 lum
431 2285 523 2318 non
546 2270 621 2328 sit,
644 2279 728 2317 aut
747 2269 805 2316 sit
824 2272 1002 2316 bonum
1022 2269 1188 2332 potius.
1224 2269 1275 2316 N
1277 2284 1371 2326 am
1395 2269 1434 2315 si
1454 2285 1548 2328 cor,
1568 2279 1654 2318 aut

308 2334 511 2397 sanguis,
543 2342 623 2381 aut
652 2336 905 2389 cerebrm,
931 2341 1000 2380 est
1027 2333 1227 2391 animus,
1259 2341 1396 2392 certe,
1428 2333 1656 2396 quoniam

306 2407 375 2446 est
404 2413 583 2460 corpus,
614 2397 817 2444 interibit
846 2413 956 2444 cum
977 2397 1155 2472 reliquo
1185 2411 1383 2459 corpore.
1415 2397 1468 2444 Si
1497 2398 1659 2446 anima

308 2471 392 2520 est,
416 2463 602 2510 fortasse
630 2460 1027 2534 dissipabiturxsr
1055 2461 1192 2524 ignis,
1221 2461 1574 2522 exstinguetur.
1613 2463 1655 2510 si

310 2535 379 2574 est
393 2525 660 2573 Aristoxeni
680 2523 938 2582 harmonia,
961 2524 1244 2572 dissolvetur.
1279 2524 1411 2582 Quid
1432 2525 1491 2572 de
1503 2525 1664 2574 Dicae-

308 2591 447 2639 archo
466 2589 636 2649 dicam,
658 2587 743 2651 qui
761 2587 880 2640 nihil
908 2589 1100 2638 omnino
1127 2589 1339 2638 animum
1359 2588 1483 2636 dicat
1511 2605 1612 2666 esse
1631 2593 1655 2639 ἓ
