1834 2925
279 112 377 159 218
460 111 651 162 TUSC.
672 110 937 172 QUAEST.
961 109 1084 156 Lm.
1107 107 1200 155 1v.
1233 102 1361 155 Car.
1383 106 1432 152 2.

280 239 918 289 etiamcmservataetculoe
945 237 1200 285 videantur.
1248 228 1624 283 Eratenimillin

282 318 415 367 pene
440 305 492 351 in
520 312 763 367 conspectu
793 302 1029 366 prestanti
1058 299 1282 364 sapientia
1313 307 1358 345 et
1385 296 1626 344 nobilitate

618 369 705 431 qui
737 368 828 415 fuit
860 367 910 413 in
946 365 1087 413 Italia
1124 363 1405 427 temporibus
1441 360 1623 417 iisdem,

284 433 457 495 quibus
476 433 536 480 L.
552 434 731 480 Brutus
744 432 944 495 patriam
959 430 1186 489 liberavit,
1204 427 1449 491 praeclarus
1470 431 1628 471 auctor

286 497 535 544 nobilitatis
546 506 653 543 tum.
668 496 945 558 Pythagorae
957 503 1112 541 autem
1129 492 1350 549 doctrina,
1364 505 1474 537 cum
1490 490 1629 549 longe

286 562 470 623 lateque
502 561 679 619 flueret,
711 558 1048 623 permanavisse
1075 558 1192 603 mihi
1221 556 1400 604 videtur
1429 554 1480 600 in
1510 554 1630 599 hanc

290 626 517 673 civitatem
531 642 545 671 ε
580 624 721 687 ἰάφκ
749 639 855 671 cum
878 623 1140 682 conjectura
1161 620 1396 683 probabile
1417 627 1503 677 est,
1527 626 1632 664 tum

290 689 569 752 quibusdam
592 690 730 736 etiam
751 686 957 749 vestigiis
977 686 1218 733 indicatur.
1253 684 1375 743 Quis
1397 683 1524 729 enim
1546 688 1631 739 oet,

290 753 375 815 qui
401 760 549 815 putet,
580 768 687 799 cum
716 752 895 799 floreret
918 750 992 811 [in
1016 751 1178 813 Italia]
1204 748 1383 795 Graecia
1411 754 1633 809 potentis—

291 816 420 863 simis
441 824 486 862 et
508 816 724 863 anxiaris
744 816 956 875 urbibus,
981 830 1052 871 ea,
1075 830 1180 877 quae
1202 814 1383 875 Magna
1405 811 1528 857 dicta
1548 816 1633 867 est,

292 880 342 926 in
362 880 527 942 hisqw
544 879 750 942 primum
779 880 924 943 ipsius
957 879 1249 941 Pythagorae,
1281 876 1449 923 deinde
1477 883 1638 937 postea

294 944 706 1006 Pythagoreorum,
729 952 911 990 tantum
933 958 1100 989 nomen
1118 950 1250 1001 esset,
1273 948 1537 987 nostrorum
1553 938 1638 985 ho-

294 1008 478 1055 minum
515 1007 576 1054 ad
610 1023 769 1055 eorum
806 1005 1088 1054 doctissimas
1125 1020 1254 1053 voces
1289 1020 1424 1052 aures
1462 1003 1641 1049 clausas

294 1072 436 1119 fuisse
451 1074 473 1119 ἓ
506 1071 777 1129 Quinetiam
800 1072 1011 1129 arbitror,
1033 1079 1218 1133 propter
1239 1070 1640 1132 Pythagoreorum

300 1135 667 1193 adrnirationam
709 1136 919 1183 Numam
973 1150 1158 1197 quoque
1201 1148 1356 1197 regem
1401 1132 1642 1195 Pythago-

298 1216 432 1247 reum
459 1215 490 1246 a
516 1200 837 1262 posterioribus
866 1198 1193 1247 existimatum.
1243 1198 1371 1244 Nam
1406 1212 1518 1243 cum
1549 1196 1642 1258 Py-

300 1264 505 1327 thagorae
531 1264 818 1327 disciplinam
840 1272 886 1311 et
906 1264 1116 1310 instituta
1135 1269 1474 1325 cognoscerent,
1503 1259 1644 1321 regis-

300 1342 395 1391 que
416 1329 517 1388 ejus
536 1328 799 1389 :equitatem
829 1336 877 1375 et
904 1327 1175 1390 sapientiam
1205 1343 1235 1373 a
1261 1326 1517 1386 majoribus
1549 1324 1645 1371 suis

302 1391 591 1453 accepissent,
610 1400 762 1439 aetates
774 1400 928 1438 autem
947 1401 992 1438 et
1009 1400 1214 1453 tempora
1228 1391 1493 1453 ignorarent
1507 1404 1646 1452 prop-

274 1448 283 1458 ’
304 1465 373 1504 ter
394 1465 681 1516 vetustatem,
705 1471 831 1516 eum,
849 1456 933 1520 qui
949 1454 1444 1518 sapientiffaexcelleret,
1470 1452 1648 1517 Pytha-

304 1536 429 1585 gorae
448 1521 703 1568 auditorem
722 1521 861 1568 fuisse
882 1521 1182 1567 crediderunt.

374 1584 445 1633 ΙΙ.
480 1585 547 1632 Et
565 1585 623 1632 de
642 1585 900 1646 conjectura
929 1584 1118 1647 quidem
1147 1585 1381 1631 hactenus.
1436 1582 1649 1644 vestigia

300 1653 466 1698 *autem
489 1649 881 1712 Pythagoreorum
902 1663 1189 1712 quamquam
1209 1648 1359 1694 multa
1375 1647 1531 1709 colligi
1547 1661 1650 1710 pos-

308 1722 434 1773 sunt,
467 1713 623 1776 paucis
644 1721 798 1760 tamen
818 1721 1021 1771 utemur,
1055 1713 1276 1775 quoniam
1305 1726 1398 1758 non
1425 1711 1476 1758 id
1499 1711 1651 1774 agitur

307 1779 397 1825 hoc
423 1785 640 1840 tempore·
698 1777 843 1837 Nam,
877 1793 985 1824 cum
1016 1777 1293 1824 carminibus
1322 1776 1444 1823 soliti
1465 1775 1538 1822 illi
1559 1789 1653 1822 esse

312 1843 523 1888 dicantur
553 1850 599 1888 et
626 1850 853 1904 praecepta
881 1841 1094 1904 quaedam
1121 1841 1341 1888 occultius
1376 1839 1574 1900 tradere,
1608 1847 1654 1886 et

310 1913 487 1952 mentes
498 1921 619 1964 suas,
638 1921 667 1953 a
682 1905 1008 1968 cogitationum
1024 1905 1291 1964 intentione,
1306 1913 1445 1952 cantu
1461 1905 1657 1952 fidibus-

314 1983 406 2033 que
420 1968 481 2015 ad
496 1969 875 2032 tranquillitatem
891 1970 1126 2017 traducere
1140 1986 1156 2026 3
1179 1969 1476 2032 gravissimus
1499 1976 1657 2016 auctor

314 2033 365 2080 in
402 2035 439 2060 ‘⁶
456 2033 759 2096 Originibus”
791 2033 909 2080 dixit
941 2034 1072 2093 Cato,
1107 2049 1284 2080 morem
1312 2034 1439 2096 apud
1459 2034 1659 2094 maJoree

316 2097 443 2145 hunc
464 2097 705 2159 epularum
724 2097 881 2155 fuisse,
914 2107 970 2144 ut
999 2096 1226 2161 deinceps,
1261 2097 1344 2161 qui
1365 2099 1658 2154 acmbarent,

310 2169 530 2210 canerent
557 2161 618 2208 ad
646 2161 809 2210 tibiam
837 2161 1064 2210 clarorum
1092 2162 1295 2210 virorum
1329 2161 1490 2208 laudes
1521 2170 1663 2224 atque

320 2225 525 2273 virtutes.
578 2223 659 2272 Ex
696 2241 789 2289 quo
825 2226 1120 2289 perspicuum
1158 2235 1240 2284 αεὶ,
1279 2234 1326 2274 et
1363 2234 1526 2274 cantus
1558 2233 1662 2272 tum

318 2289 461 2337 fuisse
480 2289 715 2352 rescriptos
737 2305 902 2338 vocum
925 2291 1063 2348 sonis,
1087 2299 1132 2338 et
1153 2289 1370 2337 carmina.

387 2353 689 2417 Quamquam
708 2353 759 2400 id
779 2353 969 2417 quidem
1001 2356 1139 2402 etiam
1168 2353 1291 2401 XII.
1317 2354 1489 2402 tabulae
1511 2353 1664 2400 decla-

323 2426 443 2477 rant,
476 2417 611 2464 condi
626 2419 725 2478 jam
755 2426 856 2464 tum
882 2418 1071 2465 solitum
1093 2433 1188 2466 esse
1208 2431 1421 2465 carmem
1458 2417 1584 2482 quod
1605 2432 1666 2464 ne

322 2481 476 2528 liceret
492 2481 590 2528 fieri
606 2480 665 2528 ad
686 2481 869 2528 alterius
885 2481 1122 2541 injuriam,
1144 2483 1246 2546 lege
1261 2491 1529 2529 sanxerunt.
1563 2481 1614 2528 N
1616 2495 1668 2530 ee

322 2559 431 2591 vero
459 2545 577 2592 illud
604 2559 696 2592 non
731 2545 1014 2592 eruditorum
1045 2554 1306 2609 temporum
1337 2553 1668 2608 argumentum

319 2616 408 2666 ent,
440 2608 565 2671 quod
598 2617 644 2657 et
663 2607 871 2658 Deorum
905 2609 1242 2674 pulvinaribus,
1274 2617 1320 2658 et
1340 2609 1492 2673 epulis
1519 2609 1669 2672 magi-
