1834 2925
311 166 405 222 174
492 166 680 215 TUSc.
704 164 967 225 QUAEST.
991 165 1113 215 1113.
1138 166 1209 215 11.
1232 165 1360 215 CAr.
1383 166 1465 214 22.

301 296 446 343 bonos
466 295 652 354 militen,
682 304 928 354 revocatos,
953 294 1224 359 dignitatem
1251 295 1386 343 tueri.
1431 295 1546 344 Non
1575 297 1646 344 ni.

297 359 389 407 mis
408 360 458 407 in
482 360 662 423 Niptris
682 360 760 408 ine
782 360 1141 422 sapientissimus
1163 361 1354 408 Graeciae
1373 361 1557 408 saucius
1576 362 1642 408 18-

300 432 551 484 mentatur,
574 424 649 472 vel
669 424 847 471 modice
866 425 1022 487 potius
1037 442 1052 473 ε

364 512 400 539 “
424 509 746 558 Pedeoentim”
779 510 971 573 (inquit)
1004 513 1040 539 ‘⁶
1061 510 1140 569 ite,
1173 519 1218 559 et
1243 510 1397 559 sedato
1426 511 1549 572 nisu,
1581 524 1640 560 ne

489 590 703 622 succussu
725 574 914 637 arripiat
935 576 1084 636 major
1105 576 1285 631 dolor-’⁹

296 679 529 729 Pacuvius
548 679 647 727 haec
666 680 850 739 melius,
870 694 1014 743 quam
1036 680 1296 743 Sophocles.
1330 680 1482 744 Apud
1501 682 1634 729 illum

294 744 420 791 enim
442 758 665 807 perquam
686 744 898 791 flebiliter
927 744 1118 807 Ulyssee
1147 745 1468 792 lamentatur
1455 762 1504 793 ιιι
1535 748 1636 794 vul-

292 822 431 855 nere.
466 816 623 855 tamen
644 808 753 855 huic
781 808 942 856 leviter
969 809 1188 882 gementi,
1217 809 1332 855 illi·
1318 809 1424 871 ipsi,
1457 811 1542 874 qui
1567 810 1635 858 fe-

292 881 403 919 runt
440 873 665 931 saucium,
702 888 907 935 personae
945 873 1217 935 gravitatem
1253 873 1502 934 intuentes,
1542 890 1634 922 non

292 935 565 983 dubitarunt
584 937 761 985 dicere·

355 1022 391 1048 “
376 1020 493 1067 ‘Tu
516 1036 727 1095 quoque,
757 1020 966 1084 UlysseS,
998 1036 1284 1085 quamquam
1315 1022 1516 1085 graviter
1537 1038 1632 1071 cer

480 1084 635 1132 nimus
655 1085 817 1145 ictum,

349 1148 507 1197 Nimis
548 1164 679 1212 paene
713 1150 869 1196 animo
912 1165 960 1197 es
997 1150 1154 1207 ιιιοΠ1;
1191 1150 1290 1214 qui,
1314 1159 1560 1199 consuetus
1579 1152 1628 1199 in

480 1214 619 1261 armis
642 1230 795 1261 aevum
816 1214 984 1277 agere’'
990 1249 1110 1264 ......

282 1319 510 1381 Intelligit
537 1320 675 1382 poeta
694 1320 911 1381 prudens,
944 1320 1117 1367 ferendi
1145 1320 1314 1368 doloris
1333 1322 1628 1369 consuetudi-

280 1399 388 1431 nem
408 1390 504 1431 esse
526 1398 617 1431 non
634 1384 1014 1431 contemnendam
1031 1386 1312 1447 magistu-am.
1361 1385 1526 1449 Atque
1547 1387 1627 1438 1118

281 1462 375 1496 ιιοιι
395 1448 693 1497 immoderate
711 1464 883 1512 magno
902 1450 953 1496 in
974 1449 1159 1498 dolore:

345 1541 381 1568 “
401 1539 629 1598 Retinete,
652 1547 817 1598 tenete,
841 1539 1102 1612 opprimite,

342 1604 489 1652 Ulcus
510 1603 694 1650 nudate.
730 1603 840 1650 Heu
863 1603 1084 1650 miserum
1105 1603 1212 1651 me!
1249 1603 1535 1652 excrucior?

275 1709 450 1773 Incipit
470 1710 593 1757 labi·
628 1709 793 1757 deinde
813 1709 937 1758 illico
958 1710 1140 1769 desinit,

343 1801 378 1827 “
402 1798 609 1862 Operite,
632 1799 875 1857 abscedite,
895 1800 1094 1860 jamjam
1116 1798 1300 1846 mittite.

337 1863 727 1975 Νωιέξιεζοῗιυ
750 1871 795 1911 et
816 1879 988 1927 quassu
1009 1879 1182 1911 saevum
1213 1863 1506 1927 amplificatis
1533 1864 1619 1913 do-

271 2032 491 2092 Videsne,
524 2041 579 2080 ut
608 2033 905 2094 obmutuerit,
942 2047 1036 2080 non
1071 2031 1252 2080 sedatue
1281 2033 1498 2096 corporis,
1533 2033 1616 2081 sed

268 2098 513 2160 castigatus
532 2097 696 2155 animi,
728 2098 893 2146 dolor?
929 2098 1097 2161 Itaque
1117 2098 1167 2144 in
1189 2097 1406 2146 extremis
1427 2097 1614 2161 Niptris

265 2163 380 2210 alios
401 2177 585 2226 quoque
605 2163 836 2224 objurgat,
858 2161 1000 2224 idque
1019 2162 1248 2209 moriensz

332 2253 369 2282 “
392 2251 625 2314 Conqueri
657 2251 891 2298 fortunam
926 2250 1180 2310 adversam,
1216 2265 1310 2298 non
1345 2251 1608 2348 lamenta-i,

328 2381 389 2430 Id
412 2315 598 2428 vigieceztt
624 2379 857 2427 officium.
893 2380 1028 2428 fletus
1055 2373 1273 2428 muliebri
1306 2380 1495 2443 ingenio
1523 2380 1608 2428 ad-

455 2444 629 2491 ditus”

263 2551 423 2610 Hujus
444 2550 587 2597 animi
607 2563 713 2612 pars
733 2549 815 2595 1118
844 2549 1028 2596 ιιιοΙΙίοι·
1056 2548 1222 2597 rationi
1249 2549 1314 2597 sic
1341 2551 1516 2613 paruit,
1548 2558 1606 2598 ut

260 2628 413 2660 nevero
433 2613 695 2675 imperatori
715 2613 847 2660 miles
867 2611 1061 2686 pudens.

268 2675 496 2724 ..XXII
532 2677 591 2724 In
613 2691 707 2737 quo
728 2691 835 2724 vero
863 2675 949 2724 erit
968 2677 1168 2740 perfecta
1187 2677 1412 2743 snpientia
1439 2682 1604 2743 (quem
