1834 2925
306 138 403 184 228
498 136 687 186 rosc.
708 136 1116 203 QUAEST.1411³.
1142 135 1233 183 1v.
1257 134 1386 183 cn.
1415 133 1484 180 1³.

302 264 525 324 distortio,
563 266 840 314 deformitas.
897 264 1182 376 Imasselsffla
1215 264 1327 323 duo,
1362 264 1550 309 morbus
1588 269 1631 308 et

304 331 553 392 egrotatio,
576 346 635 377 ex
654 331 795 378 totius
814 330 968 378 valetu
1004 330 1015 339 '
1052 330 1064 339 '
1107 327 1352 391 [corporis]
1369 340 1632 389 conquassa-

303 393 427 442 tione
448 402 493 441 et
514 395 852 459 perturbatione
872 394 1156 456 gignuntur:
1191 392 1356 439 vitium
1377 400 1548 449 autem,
1563 389 1632 435 in-

304 459 435 521 tegra
453 459 731 518 valetudine,
760 460 915 521 ipsum
937 474 996 505 ex
1026 473 1074 505 se
1094 457 1304 504 cernitur.
1339 455 1448 513 Sed,
1471 455 1519 501 in
1539 454 1632 501 ani-

303 536 401 582 mo,
424 523 743 571 tantummodo
771 522 1044 586 cogitatione
1073 536 1316 585 possumus
1336 522 1551 567 morbum
1576 519 1634 565 ab

304 582 597 649 &gmtatione
618 589 867 649 sejungere.
914 586 1152 633 vitiositas
1178 594 1334 632 autem
1363 592 1432 631 est
1457 583 1634 629 habitus

302 659 387 697 aut
405 651 581 699 affectio
602 652 651 697 in
680 652 777 699 tota
808 650 904 698 vita
935 651 1210 707 inconstans,
1243 658 1290 696 et
1309 665 1339 695 a
1358 664 1407 695 se
1427 648 1528 709 ipsa
1547 646 1634 693 dis-

304 715 512 762 sentiens.
548 716 625 762 Ita
648 716 715 773 fit,
737 724 807 774 ut,
826 716 875 762 in
892 715 1052 774 alterii,
1070 714 1356 777 corruptione
1370 712 1636 775 opinionum

304 780 493 826 morbus
514 779 733 827 efficiatur
764 788 810 827 et
830 780 1097 841 aegronti03
1130 778 1180 824 in
1200 776 1360 834 alta-a,
1382 778 1636 824 incaustum..

304 842 370 889 tia
398 851 444 889 et
473 844 790 906 repugnantia.
839 844 951 891 Non
981 843 1105 891 enim
1129 854 1267 889 omne
1294 840 1463 888 vitium
1491 848 1638 903 partes

304 906 444 953 habet
474 908 818 964 dissentientem
852 916 907 955 ut
939 923 1115 965 eorum,
1138 906 1220 969 qui
1241 920 1335 952 non
1355 906 1494 967 longe
1513 920 1542 951 a
1569 919 1639 951 sa-

304 970 479 1045 pientia
499 974 681 1031 absunt,
706 972 882 1019 affectio
895 983 964 1019 est
983 972 1065 1019 illa
1077 970 1266 1034 quidem
1281 969 1542 1032 discrepans
1553 968 1639 1015 sibi

305 1050 422 1097 ipae,
446 1035 561 1083 dum
582 1045 649 1083 est
668 1037 901 1100 insipieus,
926 1036 1006 1085 sed
1027 1050 1119 1083 non
1141 1034 1346 1093 distorta,
1370 1048 1457 1081 nee
1483 1048 1637 1096 prava.

306 1098 467 1147 Morbi
488 1108 645 1147 autem
660 1110 706 1148 et
722 1100 1034 1163 aegmtationes
1049 1108 1200 1163 partes
1221 1106 1329 1146 sunt
1349 1096 1604 1145 vitiositatis
1621 1112 1636 1143 ι

308 1163 405 1222 sed,
593 1165 797 1212 bationes
830 1165 980 1212 sintne
1012 1164 1214 1225 ejusdem
1249 1170 1419 1225 partes,
1455 1160 1642 1225 quaestio

304 1236 387 1275 est.
470 1229 551 1275 itia
571 1229 695 1275 enim
716 1229 974 1277 affectiones
995 1236 1104 1276 sunt
1114 1234 1379 1274 manentesz
1403 1227 1640 1289 perturba-

305 1291 449 1339 tiones
470 1302 643 1352 autem,
666 1302 915 1354 moventes,
949 1302 1004 1340 ut
1023 1308 1116 1340 non
1145 1290 1320 1355 possint
1347 1290 1640 1339 affectionum

302 1356 591 1403 manentium
612 1367 761 1421 partes
783 1374 892 1405 esse.

368 1420 531 1497 Atque
542 1431 612 1480 ut,
636 1422 685 1470 in
700 1422 852 1482 malis,
876 1421 1061 1485 attingit
1081 1420 1226 1469 animi
1245 1428 1463 1468 naturam
1484 1432 1642 1484 corpo·
1731 1452 1740 1457 -

302 1485 659 1543 rissimssitudo,
693 1487 757 1535 sic
788 1487 837 1534 in
870 1487 1032 1536 bonis:
1069 1495 1178 1534 sunt
1206 1487 1330 1533 enim
1365 1487 1418 1532 in
1457 1495 1642 1548 corpote

302 1550 553 1660 praecipua,
585 1551 894 1616 pulchritudo,
917 1552 1052 1612 vires,
1073 1550 1306 1609 valetudo,
1329 1549 1542 1608 fimiitas,
1566 1561 1644 1596 ve-

322 1615 461 1662 ocitas
476 1633 491 1664 z
526 1625 634 1663 sunt
652 1616 765 1663 item
786 1616 1026 1663 in'animo.
1067 1617 1138 1664 Ut
1159 1615 1286 1662 enim
1304 1614 1504 1678 corporis
1525 1622 1646 1660 tem-

302 1681 493 1741 peratio,
516 1695 623 1727 cum
644 1696 699 1728 ea
718 1690 977 1744 congruunt
997 1680 1116 1727 inter
1135 1695 1200 1738 se,
1223 1695 1250 1727 e
1271 1679 1440 1742 quibus
1463 1685 1645 1725 consta-

302 1756 425 1803 mus,
459 1744 655 1802 sanitas3
696 1745 759 1793 sic
793 1745 938 1792 animi
969 1745 1152 1802 dieitur,
1192 1759 1300 1791 cum
1335 1743 1436 1803 ejus
1469 1741 1648 1802 judicia

302 1811 629 1875 opinionesque
648 1813 934 1880 concordant.
981 1813 1148 1876 anue
1176 1811 1320 1860 animi
1355 1821 1424 1859 est
1457 1811 1644 1866 virtus3

302 1891 446 1938 quam
479 1877 557 1924 alii
588 1878 737 1942 ipsam
766 1879 1116 1942 temperantiam
1141 1879 1301 1927 dicunt
1321 1893 1433 1936 esse,
1459 1880 1542 1928 alii
1563 1879 1652 1924 ob-

302 1948 633 2003 temperantem
654 1945 967 2008 temperantiae
997 1945 1250 2008 praeceptis,
1274 1951 1318 1992 et
1350 1959 1454 1991 eam
1485 1945 1650 1992 subse·

302 2015 539 2066 quentem,
563 2022 647 2054 nec
666 2009 912 2056 habentem
933 2009 1080 2056 ullam
1111 2009 1306 2072 speciem
1339 2023 1472 2055 suam
1494 2026 1507 2054 z
1546 2008 1648 2067 sed,

302 2069 396 2118 sive
416 2071 519 2130 hoc,
544 2073 638 2120 sive
658 2075 777 2122 illud
797 2076 871 2133 sit,
894 2076 944 2124 in
966 2077 1061 2124 solo
1081 2091 1176 2124 esse
1197 2074 1430 2138 sapiente‘
1446 2074 1538 2122 Est
1561 2090 1651 2122 au-

301 2142 397 2182 tem
419 2137 631 2199 quaedam
644 2140 787 2187 animi
804 2141 988 2198 sanitas,
1006 2157 1112 2204 quae
1127 2140 1176 2186 in
1192 2139 1484 2202 insipientem
1500 2139 1651 2186 etiam

301 2201 449 2260 cadat,
472 2217 580 2250 cum
602 2204 833 2252 curatione
852 2206 1135 2254 medicorum
1157 2203 1440 2252 conturbatio
1473 2205 1658 2258 mentis

302 2267 521 2316 aufertur.
567 2268 649 2328 Et,
680 2279 735 2317 ut
767 2271 966 2334 corporis
1003 2280 1070 2318 est
1103 2269 1315 2334 quaedam
1349 2277 1459 2332 apta
1490 2269 1655 2334 figura

300 2334 633 2392 membrorum,
656 2350 765 2382 cum
786 2335 946 2383 coloris
968 2335 1171 2398 quadam
1191 2334 1412 2382 suavitate
1430 2350 1448 2390 ς
1497 2349 1656 2398 eaque

298 2394 469 2464 dicitur
483 2398 777 2459 pulchritudo
794 2415 809 2454 3
844 2398 926 2458 sic,
955 2399 1006 2446 in
1027 2400 1200 2458 animo,
1223 2398 1496 2462 opinionum
1513 2399 1654 2460 ⁸iudi-

298 2458 569 2522 ciorumque
596 2462 881 2523 aequabilitas
912 2471 958 2510 et
989 2464 1256 2520 constantia,
1280 2478 1388 2510 cum
1420 2462 1654 2510 firmitate

300 2522 503 2595 quidam
532 2533 579 2571 et
606 2525 852 2572 stabilitate
882 2527 1101 2575 virtutem
1123 2529 1416 2590 subsequens,
1442 2535 1526 2574 aut
1551 2527 1652 2574 vir-

298 2591 410 2630 tum
464 2587 560 2633 vim
600 2587 748 2650 ipsam
794 2590 1046 2651 continens,
1092 2591 1386 2656 pulchritudo
1432 2599 1649 2640 vocatur.

298 2644 530 2710 Itemque,
570 2651 743 2700 viribus
778 2654 978 2718 eorporis
1014 2664 1061 2704 et
1097 2657 1246 2706 nervis
1293 2664 1340 2704 et
1383 2653 1657 2704 efficacitati
