1834 2925
306 158 399 214 17⁰
478 154 1463 219 TUSG.QUAEST.1211³.11.cu.18.

300 286 433 335 miles
452 284 601 337 facere
628 286 823 352 Ροιειὶις
858 287 1020 335 doctus
1049 287 1120 335 vir
1150 280 1420 397 sapiensque
1442 298 1540 333 non
1559 300 1646 349 po-

300 352 406 399 terit
424 355 447 400 3²
482 352 572 401 Ille
591 368 697 401 vero
718 354 900 411 melius,
924 368 978 400 ac
999 366 1093 400 non
1113 352 1254 415 paulo
1275 366 1307 415 q
1307 350 1481 397 u1d.em

368 416 460 464 Sed
481 416 539 464 de
560 418 885 465 consuetudine
906 417 1059 465 adhuc
1085 416 1416 465 exercitationis
1445 416 1644 491 loquor,

301 480 509 529 nondum
539 481 597 529 de
624 482 799 529 ratione
828 490 873 530 et
906 482 1143 544 sapientia.
1186 480 1404 528 Aniculoe
1431 496 1554 543 saepe
1575 480 1648 525 in-

306 545 458 593 ediam
489 546 685 595 biduum
723 553 805 593 aut
840 546 1050 595 triduum
1069 546 1253 593 ferunt·
1289 544 1468 593 subduc
1489 545 1648 591 cibum

208 615 217 623 ‘
302 624 453 657 unum
486 609 609 657 diem
643 611 854 658 athletae·
888 610 926 657 J
927 626 1061 658 ovem
1093 610 1390 674 Olympium,
1425 624 1540 656 eum
1572 608 1645 671 ip-

301 689 423 733 sum,
457 676 531 722 cui
560 691 609 723 se
639 676 881 733 exercebit,
913 675 980 721 im
981 675 1210 738 plorabit·
1243 674 1361 721 ferre
1389 687 1486 720 non
1513 688 1648 736 posse

300 738 531 786 clamabit.
580 739 934 787 consuetudinis
955 754 1126 802 magna
1146 740 1214 787 vis
1236 748 1316 787 est.
1367 738 1648 785 Pernoctnnt

302 812 536 851 venatores
572 804 623 851 in
658 805 793 852 nive.
834 805 883 851 in
920 804 1154 853 montibus
1191 804 1265 849 uri
1303 817 1351 849 se
1387 802 1646 865 patiuntur.

303 865 423 914 Inde
451 867 647 930 pugiles,
670 870 880 917 caestibus
901 868 1096 927 contusi,
1120 883 1178 915 ne
1198 868 1508 929 ingemiscunt
1541 866 1648 929 qui-

302 930 423 978 dem.
474 932 567 980 Sed
599 933 714 1008 quid
748 934 848 993 hos,
885 934 1056 996 quibus
1095 932 1242 995 Olym
1241 932 1424 995 piorum
1459 930 1650 977 victoria

302 997 563 1045 consulatus
596 996 675 1045 ille
708 999 927 1061 antiquus
961 994 1140 1045 videtur
1154 1000 1177 1045 ἲ
1161 948 1533 1055 ymGladiawreS,
1568 1003 1651 1042 aut

300 1060 466 1123 perditi
486 1061 695 1109 homines
716 1072 799 1109 aut
818 1062 1017 1121 barbari,
1051 1077 1167 1125 quas
1188 1061 1347 1123 plagas
1367 1060 1608 1123 perfenmt
1623 1061 1645 1106 Ρ

301 1122 413 1182 Quo
433 1126 571 1173 modo
592 1126 677 1185 illi,
713 1127 795 1189 qui
816 1129 934 1175 bene
955 1126 1151 1173 instituti
1173 1134 1298 1185 sunt,
1321 1124 1526 1188 accipere
1545 1124 1648 1187 pls-

299 1204 409 1250 gam
431 1190 629 1249 malunt,
664 1206 807 1254 quam
830 1191 1023 1255 turpiter
1043 1191 1184 1239 vitare
1200 1193 1222 1237 P
1255 1204 1400 1253 quam
1421 1204 1543 1252 saepe
1564 1204 1648 1251 ap-

301 1260 447 1315 paret,
481 1253 598 1301 nihil
620 1269 695 1301 eos
714 1256 870 1315 malle,
904 1270 1049 1331 quam
1069 1255 1143 1302 vel
1165 1254 1354 1301 domino
1369 1254 1644 1310 satisfacere,

300 1317 374 1363 vel
395 1319 569 1380 populo
583 1321 606 1366 ἲ
640 1319 843 1367 Mittunt
862 1328 1020 1379 etiam,
1055 1319 1320 1367 valna-ibus
1339 1316 1552 1375 confecti,
1587 1316 1648 1363 ad

300 1378 527 1439 dominos,
561 1384 643 1446 qui
678 1392 902 1447 quaerant,
937 1383 1052 1447 quid
1087 1383 1256 1431 velint.
1293 1382 1332 1429 si
1359 1380 1644 1429 satisfactum

300 1444 357 1492 iis
378 1459 471 1494 non
494 1447 568 1506 sit,
602 1465 651 1496 se
672 1450 789 1497 velle
809 1400 1094 1496 decumbere.
1141 1447 1264 1508 Quis
1283 1446 1526 1495 mediocris
1545 1446 1646 1509 gls-

301 1511 450 1558 diator
484 1512 712 1576 ingemuit
727 1517 749 1561 ἱ)
796 1515 901 1577 quis
940 1514 1124 1562 vultum
1157 1513 1358 1560 mutavit
1395 1514 1644 1575 unquam?

302 1576 407 1639 quis
426 1591 520 1624 non
542 1578 681 1625 modo
710 1579 849 1634 stetit,
882 1593 1042 1626 verum
1065 1577 1204 1625 etiam
1231 1577 1467 1634 decubuit,
1499 1576 1646 1639 turpi-

300 1643 408 1688 ter?
442 1641 579 1700 Quis,
604 1658 711 1690 cum
733 1642 1036 1701 decubuisset,
1060 1643 1234 1689 ferrum
1255 1641 1455 1704 recipere
1473 1641 1644 1700 jussae,

230 1729 247 1742 -
301 1705 473 1752 collum
508 1707 735 1754 contraxit
749 1710 772 1755 ἲ
824 1707 1034 1754 Tantum
1073 1705 1352 1764 exercitatio,
1389 1705 1645 1763 meditatio,

303 1770 583 1818 consuetudo
604 1772 738 1819 valet.
772 1771 903 1834 Ergo
923 1771 1012 1818 hoc
1031 1771 1200 1834 poterit

362 1859 403 1885 “
422 1858 624 1920 Samnis,
660 1877 849 1924 spurcus
884 1860 1044 1920 homo,
1080 1857 1176 1908 vit&
1203 1847 1292 1906 illa*
1322 1859 1486 1922 dignu'
1525 1857 1648 1905 loeo-

496 1940 618 1987 que;

299 2025 369 2072 vir
398 2036 533 2074 natus
555 2029 614 2076 ad
635 2031 847 2092 gloriam,
871 2031 1018 2078 ullam
1039 2038 1216 2094 partem
1239 2028 1384 2076 animi
1405 2036 1506 2076 tam
1525 2030 1648 2076 mol-

297 2089 391 2136 lem
412 2091 617 2151 habebit,
684 2110 793 2142 uam
826 2109 919 2142 non
950 2095 1245 2142 meditatione
1266 2102 1312 2141 et
1339 2093 1517 2140 ratione
1545 2109 1648 2141 cor-

298 2157 515 2204 roboret?
560 2157 657 2205 Cru
690 2160 759 2206 ele
791 2159 1099 2222 gladiatorum
1129 2159 1460 2222 spectaculum,
1497 2167 1544 2206 et
1573 2159 1647 2205 in-

297 2217 573 2281 humanum,
608 2223 842 2272 nonnullis
876 2224 1019 2271 videri
1049 2224 1190 2272 solet.
1226 2231 1272 2270 et
1304 2222 1432 2269 haud
1461 2223 1554 2271 scio
1583 2238 1644 2270 an

294 2282 361 2330 ita
388 2284 463 2343 sit,
486 2295 540 2333 ut
562 2301 686 2335 nunc
706 2287 773 2334 fit.
808 2287 936 2335 Cum
957 2304 1062 2336 vero
1083 2298 1232 2336 sontes
1254 2287 1373 2334 ferro
1402 2287 1644 2350 depugna-

294 2349 425 2408 bant,
458 2351 645 2399 auribus
673 2351 861 2400 fortasse
894 2354 1074 2411 multae,
1110 2351 1254 2400 oculis
1283 2350 1474 2415 quidem
1509 2351 1646 2398 nulla
1671 2379 1680 2388 -

294 2422 472 2523 politnerat
500 2430 597 2463 esse
623 2416 783 2465 fortior
810 2425 969 2466 eontra
994 2417 1199 2465 dolorem
1220 2424 1267 2464 et
1286 2424 1484 2463 mortem
1506 2415 1644 2463 disci-

248 2513 253 2529 .
296 2491 331 2538 p
396 2493 439 2525 a.

359 2541 559 2590 XVIII.
611 2541 689 2591 De
731 2545 1068 2607 exercitatione,
1113 2555 1159 2594 et
1200 2543 1550 2603 consuetudine,
1595 2553 1644 2592 et

292 2607 675 2654 commentat-ione
702 2607 816 2656 dixi.
850 2609 1038 2672 Agesis,
1061 2625 1185 2658 nunc
1205 2610 1265 2658 de
1285 2610 1463 2657 radone
1483 2578 1648 2657 videa·

292 2679 429 2726 mus,
462 2670 551 2718 nisi
580 2671 695 2736 quid
721 2672 791 2722 vis
810 2673 869 2722 ad
897 2673 1014 2726 haec.
1065 2675 1290 2725 Auditor.
1316 2671 1484 2738 Egone
1513 2683 1569 2722 ut
1599 2683 1648 2724 te
