1834 2925
391 176 580 227 TUSC.
603 176 865 237 QUAEs'r.
889 178 1011 227 LIB·
1034 176 1097 227 V.
1115 176 1243 227 en.
1266 178 1346 231 30.
1444 182 1537 231 281

221 304 368 363 sidii,
401 306 529 370 quod
562 305 751 369 quidem
785 305 1071 355 Gameadm
1105 305 1341 370 disputare
1376 300 1563 358 solitum

220 370 514 444 accepimus·
548 370 662 418 sed
647 384 703 429 is,
725 379 781 417 ut
800 378 959 418 contra
978 371 1170 430 Stoicos,
1193 387 1309 434 quos
1330 374 1568 423 studiosis-

222 434 344 482 sime
363 450 542 511 semper
561 434 811 493 refellebat,
829 442 876 482 et
890 442 1049 483 contra
1094 450 1263 482 uorum
1278 434 1567 500 disciplinam

221 497 466 561 ingenium
487 500 586 560 ejus
607 507 862 547 exarserat.
884 513 969 547 nos
988 499 1074 546 illu
1128 499 1317 563 quidem
1333 516 1440 548 cum
1455 516 1569 565 paee

221 577 434 624 agemus»
468 564 521 612 Si
541 564 664 611 enim
694 563 836 611 Stoici
864 564 979 611 fines
1007 565 1235 611 bonorum
1265 572 1385 612 recte
1403 580 1569 629 posue-

224 634 356 686 runt,
390 628 822 676 confectaresest·
856 634 1344 691 necesseestsemper
1378 630 1566 678 beamm

227 706 328 739 esse
347 692 612 755 sapientem.
669 691 760 740 Sed
781 706 1043 767 quaeramus
1063 706 1443 756 unamquamque
1463 694 1570 741 reli-

227 770 432 817 quorum
454 756 742 816 sententiam,
765 756 805 803 si
825 756 924 803 fieri
944 763 1109 818 potest,
1126 764 1180 802 ut
1195 756 1283 804 hoc
1297 758 1569 820 praclarum

222 819 364 883 quasi
390 820 623 867 decretum
649 790 798 867 Ιιαῖιιιι
816 820 925 867 vitae
944 820 1086 883 possit
1105 820 1316 868 omnium
1336 822 1571 871 sententiis

228 892 277 931 et
297 882 548 947 disciplinis
569 885 821 932 convenire.

296 948 464 995 XXX.
497 950 621 997 Sunt
639 956 794 997 autem
815 949 890 997 hae
909 947 969 997 tle
988 948 1175 1007 simbus,
1207 958 1262 1025 ιιι

229 1020 372 1060 tentae
393 1012 680 1076 defensaeque
699 1014 963 1061 sententiae·
987 1013 1295 1077 primumsim
1398 964 1574 1078 ⁰&quu-

231 1086 371 1124 tuor.
407 1076 542 1124 Nihil
562 1079 756 1137 bonum,
777 1078 867 1125 nisi
886 1076 1149 1138 honestum,
1172 1086 1227 1125 ut
1241 1079 1411 1127 Stoici·
1436 1080 1574 1127 Nihil

229 1143 430 1201 bonum,
460 1141 550 1189 nisi
579 1142 806 1217 voluptas,
836 1148 892 1189 ut
912 1141 1175 1204 Epicurus.
1212 1141 1346 1189 Nihil
1377 1134 1572 1203 honum,

233 1204 327 1252 nisi
347 1205 548 1253 vacuitas
568 1205 752 1264 doloris,
775 1213 829 1252 ut
844 1205 1195 1281 Hieronymus.
1220 1206 1357 1253 Nihil
1376 1208 1573 1267 bonum,

233 1269 328 1320 nisi
356 1280 533 1317 naturae
561 1270 722 1333 primis
749 1269 882 1317 bonis
910 1277 993 1317 aut
1022 1269 1237 1317 omnibus
1257 1278 1339 1318 aut
1357 1272 1576 1319 maximis

234 1332 351 1409 frui,
385 1342 440 1381 ut
468 1333 725 1382 Carneades
753 1341 910 1381 contra
939 1335 1115 1381 Stoicos
1143 1334 1401 1382 disserebat.
1458 1335 1579 1383 Haec

234 1398 382 1461 igitur
403 1398 656 1461 simplicia,
690 1398 772 1445 illa
798 1398 962 1446 mixta.
1008 1397 1124 1445 Tria
1143 1412 1310 1461 genera
1329 1401 1575 1458 bonorum,

233 1462 448 1511 maxima
474 1462 635 1524 animi,
667 1462 865 1511 secunda
893 1462 1107 1526 corporis,
1139 1471 1326 1511 externa
1352 1465 1501 1525 tertia,
1524 1473 1580 1512 ut

236 1527 562 1591 Peripatetici,
586 1542 670 1576 nec
684 1527 834 1574 multo
850 1535 1021 1574 veteres
1034 1527 1304 1575 Academici
1317 1543 1472 1575 secus.
1497 1544 1577 1576 vo-

235 1591 467 1656 luptatem
488 1607 596 1640 cum
617 1592 851 1639 honestate
865 1591 1186 1638 Dinomachus
1207 1600 1253 1638 et
1270 1591 1483 1654 Callipho
1504 1607 1579 1640 co-

235 1655 448 1732 pulavit·
483 1655 783 1703 indolentiam
811 1665 969 1703 autem
997 1655 1223 1702 honestati
1252 1655 1581 1718 Peripateticus

237 1719 475 1768 Diodorus
495 1720 722 1781 adiunxit.
756 1720 852 1768 11ae
878 1728 987 1767 sunt
1008 1720 1257 1779 sententiae,
1281 1735 1387 1784 quae
1407 1720 1581 1767 stabili-

237 1784 350 1833 tatis
387 1784 563 1848 aliquid
599 1785 826 1832 habeant=
875 1799 987 1831 nam
1022 1783 1271 1843 Aristonis,
1312 1784 1580 1847 Pyrrhonis,

239 1849 433 1907 Herilli,
455 1848 876 1924 nonnullorumque
896 1848 1110 1906 aliorum,
1133 1857 1429 1895 evanuerunt.

307 1913 380 1961 Hi
409 1911 522 1976 quid
543 1912 716 1976 possint
736 1913 956 1972 obtinere,
980 1911 1233 1971 videamus,
1260 1912 1437 1960 omissis
1459 1912 1582 1960 8ιοῖ-

239 1979 326 2038 cis,
360 1992 561 2040 quorum
591 1977 698 2024 satis
726 1975 880 2024 videor
900 1976 1153 2024 defendisse
1173 1976 1458 2024 sententiam.
1517 1975 1584 2025 Et

244 2041 654 2105 Peripateticorum
684 2040 872 2103 quidem
894 2040 1119 2103 explicata
1140 2055 1277 2088 causa
1304 2049 1388 2100 est,
1421 2047 1587 2104 praeter

242 2105 640 2169 Theophrastum,
673 2113 718 2152 et
752 2105 791 2152 si
857 2104 925 2164 ui,
956 2104 1092 2151 illum
1123 2105 1280 2162 secuti,
1312 2104 1587 2153 imbecillius

241 2171 434 2218 horrent
465 2169 671 2217 dolorem
705 2177 752 2216 et
783 2121 1094 2216 rezormidant.
1150 2169 1362 2244 Reliquis
1395 2169 1586 2232 quidem

240 2235 354 2283 licet
381 2233 528 2280 facere
547 2233 614 2293 id,
638 2233 763 2296 quod
783 2233 877 2281 fere
896 2231 1089 2294 faciunt,
1110 2242 1165 2280 ut
1193 2233 1463 2296 gravitatem
1484 2233 1587 2296 dig-

243 2300 533 2361 nitatemque
553 2297 732 2345 virtutis
761 2305 1048 2360 exaggerent.
1094 2297 1255 2356 Quam
1281 2312 1389 2344 cum
1418 2296 1479 2344 ad
1499 2312 1587 2344 οω-

244 2363 351 2411 lum
373 2361 622 2410 extulerint
649 2361 796 2424 (quod
816 2362 964 2409 facere
983 2361 1246 2424 eloquentes
1273 2361 1483 2408 homines
1512 2375 1588 2408 co-

244 2427 376 2492 piose
391 2426 574 2484 solent),
597 2425 775 2490 reliqua
789 2441 847 2474 ex
868 2425 1107 2473 collatione
1126 2425 1260 2472 facile
1281 2431 1348 2472 est
1362 2433 1591 2472 conterere

245 2500 389 2556 atque
423 2497 724 2538 contemnere.
773 2491 875 2538 Nec
900 2490 1024 2537 enim
1053 2490 1202 2538 lieet
1187 2490 1261 2547 xis,
1292 2489 1375 2552 qui
1402 2488 1590 2536 laudem

246 2571 358 2604 cum
390 2553 544 2603 dolore
605 2554 816 2602 etendam
847 2569 943 2603 esse
970 2553 1140 2613 dicant,
1172 2567 1357 2615 negare,
1385 2567 1460 2599 eos
1495 2567 1591 2599 esse

247 2623 426 2682 beatos,
459 2617 543 2684 qui
527 2567 693 2668 'inam
713 2619 869 2684 adepti
889 2619 995 2668 sint.
1028 2618 1331 2728 Qzuanaquam
1354 2615 1479 2664 enim
1499 2615 1591 2665 sint

1106 2695 1138 2728 n
