1834 2925
226 106 321 158 198
384 104 1394 167 TUSG.QUAES'1'.L12.111.CA1».18‚

226 236 289 283 si
300 250 499 295 revocas,
533 236 853 301 Epicurffipa
947 213 1201 301 gscquon
1241 244 1349 288 utor
1377 244 1434 283 te
1469 234 1576 297 ipso

228 300 377 356 ducez
400 302 639 349 obliviscor
659 302 799 348 etiam
817 302 1066 357 malorum,
1089 309 1144 347 ut
1160 300 1311 360 Jubes‚
1333 314 1481 363 eoque
1502 299 1578 345 fa-

230 365 381 477 gilius,
446 366 540 412 uod
561 381 615 412 ea
634 380 693 412 ne
712 367 761 413 in
783 365 918 413 malis
948 334 1138 429 quid'em
1165 364 1376 427 ponenda
1397 378 1576 413 censeo-

450 430 545 476 ucis
561 429 853 492 cogitationes
868 444 994 476 meas
1010 428 1070 476 ad
1086 429 1352 491 voluptates.
1401 428 1536 491 Quas
1553 430 1577 475 ἒ

236 494 467 557 Corporis,
486 494 657 552 (credo)
681 504 762 541 aut
769 510 907 569 quae,
925 503 1111 556 propter
1131 508 1310 566 corpus,
1333 492 1407 539 vel
1428 505 1580 538 recor-

236 558 421 605 datione
458 558 531 604 vel
568 574 647 621 spe
684 558 952 621 cogitentur.
1017 555 1266 619 Numquid
1303 564 1371 603 est
1406 555 1540 606 aliud
1553 557 1578 603 1³

241 622 441 669 Rectene
470 620 739 685 interpretor
770 622 1042 669 sententiam
1071 623 1238 667 tuam?
1271 621 1433 667 Solent
1453 620 1580 666 enim

239 686 316 732 isti
334 700 497 747 negare
518 700 601 733 nos
616 686 884 760 intelligere,
908 685 1022 749 quid
1038 684 1159 731 dicat
1175 684 1418 747 Epicurus.
1473 683 1582 731 Hoc

240 749 379 796 dicit·
414 758 460 796 et
480 750 566 796 hoc
580 751 659 797 ille
674 749 913 807 acriculus,
937 765 1014 796 me
1035 748 1264 807 audiente,
1287 746 1490 794 Athenis
1511 762 1582 794 se-

239 828 333 859 nex
349 812 493 869 Zeno,
510 814 703 861 istorum
720 813 1023 870 amtissixnuS,
1041 812 1324 885 contendere,
1343 820 1390 859 et
1409 810 1585 873 magna

241 892 351 923 voce
370 876 517 925 dicere
537 878 736 925 solebat.
773 894 881 924 eum
902 892 997 925 esse
1017 879 1221 934 beatum,
1244 876 1326 940 qui
1346 876 1585 938 praesenti-

241 941 331 987 bus
360 940 670 1003 voluptatibus
697 942 942 1000 frueretur,
976 940 1310 1014 confideretque
1337 956 1386 987 se
1413 939 1585 985 fruitu-

240 1020 347 1051 rum
377 1013 458 1051 aut
487 1005 537 1051 in
565 1006 693 1052 omni
724 1014 805 1053 aut
834 1006 884 1052 in
912 1004 1085 1067 magna
1105 1013 1234 1067 parte
1263 1003 1384 1062 vitae,
1424 1003 1586 1051 dolore

246 1082 341 1117 non
374 1069 725 1117 interveniente:
761 1079 858 1128 aut,
892 1070 932 1117 si
963 1068 1270 1126 interveniret,
1305 1068 1344 1115 si
1372 1082 1587 1115 summus
1635 1126 1640 1131 .

244 1132 379 1191 foret,
412 1133 624 1181 futurum
646 1136 861 1189 brevem3
896 1132 936 1181 si
955 1132 1233 1195 productior,
1262 1133 1368 1195 plus
1397 1132 1586 1179 habitu-
1595 1150 1600 1155 ·

244 1212 352 1243 rum
363 1196 575 1258 jucundi,
586 1214 741 1273 ‘quam
762 1198 904 1245 mali.
939 1197 1040 1244 haec
1061 1197 1335 1259 cogitantem
1355 1196 1453 1243 fore
1474 1198 1587 1243 bea-

145 1306 149 1315 ,
244 1270 365 1319 tum,
399 1262 650 1324 praesertim
679 1262 717 1309 si
743 1271 788 1309 et
818 1270 923 1309 ante
950 1260 1173 1324 perceptis
1192 1261 1324 1307 bonis
1344 1268 1590 1339 contentus

246 1334 379 1382 essct,
402 1340 485 1372 nec
506 1335 702 1373 mortem
724 1342 807 1373 nec
829 1326 954 1373 Deos
975 1325 1298 1371 extimesceret.

310 1358 511 1436 XVIII.
532 1390 689 1437 Habes
711 1390 907 1437 formam
923 1388 1116 1452 Epicuri
1137 1389 1242 1436 vitae
1255 1390 1419 1448 beatae,
1437 1388 1590 1437 verbis

247 1452 448 1502 Zenonis
486 1470 762 1517 expressam,
802 1454 920 1501 nihil
958 1462 1012 1500 ut
1049 1453 1191 1528 possit
1227 1452 1398 1516 negari.
1454 1452 1591 1512 Quid

247 1533 355 1580 ergo
370 1520 391 1566 Ρ
414 1519 612 1580 hujusne
627 1519 731 1566 vitae
751 1519 998 1582 propositio
1020 1527 1066 1565 et
1081 1517 1292 1580 cogitatio
1309 1527 1391 1564 aut
1405 1517 1592 1580 Thyes-

246 1591 363 1704 (ἴξι,
359 1582 841 1705 ΙΘέιῗῖθΊζῗὲῗέιξῖιεῖιῗ
862 1583 1068 1709 puletgffi
1085 1581 1274 1708 (1ξέΞο
1282 1582 1594 1706 effluet-nti?

248 1720 389 1775 atque
410 1719 617 1774 egentem
636 1714 658 1758 ?
682 1711 740 1756 in
763 1725 856 1773 quo
876 1711 974 1757 haec
995 1709 1236 1757 admiratio
1258 1708 1426 1756 fiebat·

316 1803 352 1829 “
376 1799 571 1847 Hiccine
600 1808 667 1846 est
687 1798 883 1846 Telamo
911 1797 1008 1860 ille,
1039 1796 1178 1844 modo
1199 1811 1341 1860 quem
1361 1797 1512 1859 gloria
1531 1791 1595 1844 ad

330 1865 338 1870 ”
447 1855 612 1919 coelum
634 1863 835 1910 extulit?

314 1927 845 2047 Qumoefflcmbmt3
825 1927 1000 1997 ,cujus
1022 1927 1082 1984 ob
1103 1939 1154 1973 os
1177 1923 1308 1985 Graii
1329 1940 1409 1986 ora
1431 1925 1598 1987 obverq

632 1992 745 2042 sua-⁹

315 2095 458 2155 Quod
488 2097 527 2144 si
555 2097 629 2144 cui
657 2100 733 2151 (ut
760 2097 824 2145 ait
852 2097 998 2155 idem)
1029 2095 1168 2144 simul
1196 2095 1380 2142 animus
1409 2110 1520 2143 cum
1549 2112 1601 2144 re

250 2160 463 2219 concidit,
483 2177 511 2207 a
525 2161 739 2222 gravibus
758 2161 849 2208 illis
871 2160 970 2208 anti
1001 2161 1074 2208 uis
1093 2159 1378 2235 philosophis
1397 2160 1601 2222 petenda

252 2225 479 2273 medicina
506 2234 590 2283 est,
630 2240 722 2273 non
750 2228 810 2273 ab
838 2225 911 2273 his
941 2240 969 2272 v
1015 2224 1220 2287 uptariis.
1272 2223 1438 2282 Quam
1462 2225 1602 2272 enim

252 2289 330 2337 isti
358 2291 584 2336 bonorum
614 2291 793 2352 copiam
828 2289 988 2337 dicunt
1002 2292 1024 2337 Ρ
1072 2289 1167 2336 Fac
1201 2301 1308 2334 sane
1342 2302 1440 2334 esse
1471 2304 1602 2345 sum,

254 2369 389 2400 mum
410 2355 602 2412 bonum,
625 2368 718 2400 non
734 2354 915 2400 dolere.
953 2357 1259 2416 (quamquam
1279 2351 1329 2398 id
1349 2365 1442 2398 non
1467 2367 1602 2416 voca,

252 2426 331 2464 tur
360 2417 601 2480 voluptas.
638 2418 717 2464 sed
737 2433 831 2464 non
852 2432 1031 2464 necesse
1052 2425 1119 2463 est
1139 2430 1264 2462 nunc
1285 2415 1461 2474 omnia)
1492 2409 1602 2479 idne

254 2491 341 2538 est,
326 2479 696 2603 ,quodtraducgi
709 2482 903 2591 11ικ3ιιιιίι
937 2479 1182 2590 leriffi
1227 2478 1300 2526 Sit
1331 2493 1442 2526 sane
1443 2496 1603 2604 ἔζη

256 2558 471 2590 mumm
518 2559 601 2591 um
682 2559 815 2591 oere.
890 2558 1009 2590 neo
1237 2543 1413 2598 uinon
1563 2561 1604 2592 ει

256 2606 383 2654 malo
398 2615 563 2670 careat,
584 2607 861 2657 continuone
880 2559 1257 2656 fruimigxsumnffo
1270 2600 1422 2656 bono.
1409 2609 1432 2640 ²
1467 2607 1602 2668 Quid
