1834 2925
444 172 630 227 TUsc.
652 176 912 238 QUAEST.
935 178 1056 229 1212.
1079 180 1174 235 IV.
1209 180 1336 229 Cu.
1360 180 1408 227 8.
1495 177 1594 227 '223

252 300 359 377 ‚fieri
386 312 433 351 et
464 306 689 368 opinione.
736 309 905 373 Itaque
937 324 1014 358 eas
1039 308 1268 359 definiunt
1294 303 1508 372 pressius,
1540 305 1598 357 ut

252 368 557 431 intelligatur,
571 387 665 420 non
678 374 820 421 modo
835 388 979 437 quam
995 374 1184 433 vitiosae,
1201 374 1281 422 sed
1292 373 1431 421 etiam
1451 386 1596 435 quam

252 430 308 479 in
334 434 490 481 nostra
524 436 614 484 sint
641 446 877 500 potestate.
928 438 1018 486 Est
1036 438 1180 501 iginu-
1199 436 1420 513 egritudo
1441 436 1596 499 opinio

254 510 412 569 reeens
444 500 557 547 mali
588 503 838 563 praesentis,
871 502 923 550 in
957 516 1050 567 quo
1083 502 1261 549 dernitn
1295 500 1592 563 contrahique

256 574 415 607 ammo
445 573 621 612 rectum
650 582 745 614 esse
773 567 981 615 videatur
995 584 1009 613 ε
1043 566 1220 624 laetitia,
1253 564 1409 629 opinio
1441 578 1596 617 recem

256 624 369 671 boni
396 630 646 688 presentis,
679 630 729 677 in
750 646 843 693 quo
864 631 1014 679 efferri
1041 639 1216 679 rectum
1238 644 1332 678 esse
1353 627 1562 677 videatur
1577 645 1592 675 ε

257 696 427 746 metus,
461 691 616 755 opinio
649 694 956 757 impendentis
989 695 1120 754 mali,
1153 694 1279 758 quod
1310 692 1596 741 intolerabile

256 767 357 805 esse
376 753 583 803 videatur
596 775 611 805 ε
644 758 806 817 libido,
840 759 994 822 opinio
1023 758 1201 807 venturi
1229 758 1356 817 boni,
1388 757 1514 820 quod
1535 756 1594 803 sit

258 831 319 863 ex
353 832 441 864 usu
467 820 566 879 jam
600 837 798 884 praesens
832 837 929 871 esse
961 820 1100 886 atqu‘e
1131 822 1298 870 adesse.
1359 821 1450 868 Sed
1519 836 1595 868 uoe

252 880 446 941 judicia,
469 899 675 958 quasque
695 887 932 949 opiniones
951 887 1344 949 perturbationum
1361 900 1456 933 esse
1507 884 1593 943 xxi,

255 959 351 991 non
380 946 429 991 in
458 963 523 995 eis
551 950 911 1011 perturbationes
933 952 1083 997 solum
1110 950 1278 1013 positas
1299 965 1394 997 esse
1415 950 1592 1007 dicunt,

255 1024 419 1056 verum
440 1010 522 1058 illa
546 1014 703 1072 etiam,
737 1030 843 1077 quae
870 1015 1128 1062 effieiuntur
1157 1013 1592 1077 perturbationibus,

254 1081 311 1119 ut
341 1075 563 1135 aegritudo
590 1078 723 1141 quasi
751 1093 957 1125 morsum
985 1078 1187 1141 aliquem
1207 1078 1374 1126 doloris
1395 1077 1589 1132 effidat‘3

255 1146 409 1184 metus
441 1155 666 1189 recessum
700 1142 951 1206 quemdam
979 1142 1123 1189 animi
1143 1150 1188 1189 et
1209 1142 1401 1204 fugam-3
1435 1140 1595 1187 laetitia

254 1202 494 1264 profusam
535 1205 844 1262 hilaritatem3
886 1206 1032 1254 libido
1073 1206 1340 1253 effrenatam
1375 1213 1594 1315 appeten-

252 1266 387 1313 tiam.
434 1268 762 1331 opinationem
790 1279 964 1330 autern,
996 1282 1138 1333 quam
1165 1270 1215 1317 in
1243 1285 1402 1318 omnes
1463 1268 1593 1316 efini-

253 1330 680 1407 tiones-superiores
699 1334 986 1394 indusimus,
1019 1334 1182 1383 volunt
1201 1350 1296 1383 esse
1314 1332 1594 1382 imbecillam

252 1410 574 1445 assensionem.

320 1460 413 1508 Sed
442 1462 633 1525 singulis
662 1464 1080 1528 perturbatiom'bus
1107 1472 1258 1529 partes
1286 1464 1492 1525 ejusdem
1512 1479 1593 1523 ge·

248 1525 377 1572 neris
405 1527 559 1588 plures
584 1529 889 1590 subjiciuntur
904 1547 920 1576 ι
953 1537 1008 1576 ut
1036 1528 1312 1592 aegritudini,
1343 1527 1594 1574 invidentia

249 1590 504 1642 (utendum
526 1601 594 1640 est
614 1592 755 1653 enim,
778 1593 970 1640 docendi
991 1593 1143 1652 cause,
1167 1595 1305 1640 verbo
1325 1591 1480 1638 minus
1499 1591 1594 1639 usi-

246 1662 383 1710 tat03
416 1655 635 1718 quoniam
657 1657 830 1706 invidia
850 1672 944 1704 non
965 1657 1014 1704 in
1035 1673 1106 1716 eo,
1129 1657 1210 1767 gui
1229 1655 1418 1714 invidet,
1442 1655 1593 1702 solum

250 1718 441 1778 dicitur,
475 1720 554 1768 sed
588 1721 727 1769 etiam
762 1722 811 1767 in
846 1737 899 1768 eo
933 1721 1009 1768 cui
1038 1721 1133 1768 invi
1165 1729 1305 1779 etur),
1341 1719 1592 1778 aemulatio,

250 1785 537 1844 obtrectatio,
592 1785 915 1844 misericordia,
971 1799 1131 1848 angor,
1189 1786 1357 1843 luctus,
1409 1799 1591 1843 moeror,

254 1863 481 1908 aerumna,
512 1848 657 1909 dolor,
680 1848 964 1909 lamentatio,
988 1849 1258 1908 sollicitudo,
1280 1848 1506 1907 molestia,
1523 1849 1594 1896 af·

250 1911 459 1970 flictatio,
482 1913 749 1976 desperatio,
772 1923 818 1962 et
839 1913 878 1961 si
899 1929 1005 1976 quae
1025 1922 1132 1960 sunt
1151 1913 1210 1960 de
1229 1927 1393 1976 genere
1413 1914 1590 1961 eodem.

252 1977 353 2024 Sub
370 1985 547 2024 metum
571 1987 727 2026 autem
749 1979 954 2038 subjecta
969 1986 1077 2024 sunt
1091 1977 1291 2040 pigritia,
1309 1977 1475 2041 pudor,
1499 1986 1590 2025 ter·-

250 2055 345 2098 ror,
378 2041 532 2101 timor,
554 2058 713 2105 pavor,
737 2041 1032 2101 exanimatio,
1056 2043 1355 2101 conturbatio,
1379 2042 1592 2090 fonnido.

254 2102 501 2168 Voluptati
529 2106 849 2154 malevolentia
880 2104 1064 2166 [laetans
1084 2105 1208 2152 malo
1229 2106 1421 2170 alieno],
1445 2107 1593 2154 delec-

252 2169 383 2228 tatio,
402 2171 608 2230 Jactatio,
632 2179 677 2217 et
698 2169 879 2218 similia.
927 2169 1136 2216 Libidini
1155 2169 1239 2229 ira,
1263 2171 1592 2233 excandescen-

250 2233 335 2292 (ia,
366 2234 545 2293 odium,
575 2234 831 2292 inimicitia,
862 2233 1102 2292 discordia,
1124 2233 1392 2296 indigentia,
1417 2234 1592 2281 deside-

248 2297 391 2410 ιὶιὲιᾶιέ
415 2307 463 2346 et
480 2307 641 2346 caeoera
662 2297 901 2360 ejusmodi.
944 2298 1062 2346 Haec
1083 2306 1238 2346 autem
1259 2299 1486 2346 definiunt
1505 2297 1594 2344 hoc

250 2375 302 2409 m
390 2396 404 2409 .

314 2427 466 2474 VIII.
502 2427 813 2475 Invidentiam
842 2443 936 2475 esse
957 2427 1118 2476 dicunt
1146 2426 1463 2490 egritudinem
1493 2439 1593 2471 sus-

250 2499 429 2552 ceptam
461 2501 649 2555 propter
678 2492 863 2540 alterius
883 2507 956 2539 res
985 2491 1222 2550 secundas,
1245 2507 1350 2552 quae
1371 2489 1488 2535 nihil
1508 2492 1593 2534 no·
1693 2529 1702 2538 .

172 2581 179 2588 ·
248 2564 380 2602 ceant
409 2555 637 2604 invidenti
650 2573 665 2603 ε
702 2570 811 2602 nam
840 2557 879 2604 si
908 2557 1014 2619 quis
1041 2556 1195 2603 doleat
1228 2555 1327 2613 ejus
1356 2554 1491 2599 rebus
1526 2566 1596 2598 se·-

251 2619 427 2679 cundis,
462 2636 491 2666 a
520 2621 743 2682 quofipse
772 2620 984 2678 laedatur,
1019 2635 1111 2666 non
1141 2625 1260 2665 recte
1291 2615 1458 2662 dicitur
1475 2615 1595 2660 invi-

251 2681 385 2740 dere3
421 2693 476 2731 ut
501 2682 541 2732 si
572 2683 764 2732 Hectori
793 2683 1136 2746 Agamemnon.
1183 2679 1283 2738 Qui
1312 2686 1486 2738 autem,
1520 2676 1596 2724 cui
