1834 2925
305 140 396 201 178
478 142 665 192 TUSC.
690 136 952 203 QUAEs'r
976 138 1098 191 Lm.
1117 142 1186 191 11.
1223 143 1350 191 ΟΜ).
1373 141 1454 189 28

226 322 233 327 ,
296 286 393 319 non
424 288 543 336 saepe
562 272 805 335 prodeunt.
850 272 897 319 E
918 272 1090 335 quibus
1109 273 1249 321 homo
1269 287 1378 319 sane
1397 270 1512 319 levis
1534 264 1636 317 H&

298 337 513 385 racleotes
542 337 809 399 Dionysius,-
844 350 952 384 cum
975 352 1005 384 a
1026 337 1212 385 Zenone
1237 336 1366 383 fortis
1395 350 1490 383 esse
1518 334 1638 381 didi

298 400 448 461 ἀθεεὶ,
480 416 513 449 ιι
530 401 683 449 dolore
703 401 926 449 deductus
947 409 1026 448 est.
1075 402 1221 461 Nam,
1244 416 1351 448 cum
1371 416 1431 447 ex
1452 399 1638 447 renibus

298 464 541 525 laborm-et,
574 466 673 528 ipso
700 466 751 512 in
780 466 954 526 ejulatu
976 466 1255 523 clamitabat,
1277 465 1394 511 falsa
1421 480 1518 511 esse
1537 463 1636 522 illa,

444 539 579 577 antee
614 530 673 577 de
708 529 861 577 dolore
898 530 996 593 ipse
1037 530 1257 577 sensisset.
1319 530 1484 587 Quem
1528 542 1638 575 cum

300 546 545 642 {lamhee
574 594 909 656 condiscipulus
939 602 1133 656 rogaret,
1157 608 1370 668 quaenam
1392 594 1509 639 ratio
1529 608 1640 639 eum

298 658 361 705 de
380 658 603 706 sententia
630 654 907 716 deduxisset,
938 658 1186 721 respondit,
1221 658 1364 716 Quia,
1398 672 1508 705 cum
1537 664 1640 703 tan-

298 732 405 769 tum
440 738 589 786 operae
625 723 926 786 philosophiae
961 722 1201 781 dedissem,
1239 722 1446 769 dolorem
1484 730 1641 769 tamen

300 785 419 833 ferre
438 801 531 834 non
552 788 889 849 posse1n,satis
908 796 1024 835 esset
1043 787 1320 851 argumenti,
1343 786 1526 833 malum
1548 800 1645 833 esse

298 849 533 898 dolorem·
568 852 791 914 plurimos
810 860 967 899 autem
988 866 1131 899 annos
1151 852 1200 897 in
1221 851 1515 925 philosophi&
1535 864 1644 897 oon-

302 915 463 975 sumsi‚
498 930 580 963 nec
613 915 730 962 ferre
762 931 980 979 possum·
1015 916 1194 963 malum
1229 923 1296 962 est
1321 915 1467 989 igitur
1495 914 1576 961 dol
1575 930 1642 961 or.

303 978 434 1026 Tum
455 980 744 1038 Cleanthem,
766 994 875 1027 cum
890 978 1006 1043 pede
1027 988 1194 1027 teri-am
1214 976 1524 1043 percussisset,
1543 994 1644 1027 vei·-

302 1058 407 1091 sum
428 1059 487 1091 ex
508 1044 733 1108 Epigonis
753 1044 907 1091 ferunt
927 1044 1111 1104 dixisse,

368 1136 405 1163 “
421 1133 633 1181 Audis-ne
654 1134 769 1193 haec,
790 1133 1096 1197 ΑιιιΡῘιὶειιαὲ,
1120 1135 1206 1181 sub
1227 1141 1396 1180 terram
1413 1132 1600 1181 abdite.
1586 1132 1646 1167 ‘³⁹'

302 1240 538 1350 ¹Zenonem
569 1239 869 1303 significabat,
904 1250 934 1286 a
969 1254 1064 1302 quo
1091 1238 1228 1286 illum
1255 1238 1534 1301 degenerare
1561 1236 1646 1285 do-

324 1306 443 1352 ebat.

366 1368 439 1415 At
474 1383 568 1417 non
601 1377 752 1416 noster
786 1367 1092 1423 Posidonius;
1127 1382 1266 1430 quem
1305 1374 1352 1415 et
1385 1366 1486 1429 ipse
1525 1382 1647 1441 saepe

302 1433 428 1490 vidi,
462 1442 509 1482 et
536 1433 585 1480 id
612 1433 780 1492 dietim,
803 1431 930 1496 quod
958 1432 1130 1480 solebat
1149 1446 1332 1480 narrare
1354 1431 1644 1514 Pompeius.

302 1513 367 1557 se,
400 1513 509 1546 cum
530 1499 754 1545 Rhodum
774 1497 968 1546 venisset
987 1496 1207 1544 decedens
1227 1512 1286 1544 ex
1307 1495 1461 1559 Syria,
1485 1495 1648 1544 audii-e

302 1564 497 1611 voluisse
516 1562 847 1610 Posidonium·
872 1561 968 1620 sed,
991 1577 1100 1608 cum
1121 1560 1380 1618 audivisset,
1405 1576 1518 1608 eum
1540 1577 1648 1623 gra-

300 1628 416 1676 viter
440 1643 535 1676 esse
556 1641 749 1702 angi-uni,
780 1625 907 1689 quod
928 1626 1219 1672 vehementer
1238 1625 1338 1685 ejus
1359 1632 1488 1672 artus
1510 1625 1645 1672 labo·-

300 1701 470 1753 tarent,
515 1690 711 1739 voluisse
747 1699 902 1737 tamen
939 1689 1277 1736 nobilissimum
1313 1688 1647 1752 philoeophum

301 1757 473 1805 visere·
508 1771 648 1820 quem
668 1763 723 1802 ut
744 1753 942 1812 vidisset,
973 1761 1018 1801 et
1039 1754 1338 1811 salutavisset,
1361 1753 1649 1801 honorificis-

302 1837 395 1884 que
422 1821 571 1869 verbis
604 1827 869 1882 prosecutus
902 1827 1033 1877 esset,
1067 1819 1348 1880 molesteque
1377 1832 1425 1864 se
1455 1817 1648 1865 dixisset

300 1885 435 1944 feri-e,
458 1884 584 1948 quod
604 1899 713 1930 eum
734 1897 825 1929 non
846 1892 998 1945 posset
1017 1883 1206 1938 audire3
1229 1890 1279 1928 at
1294 1882 1390 1942 ille,
1413 1881 1496 1928 Tu
1513 1897 1645 1956 ‘vei-o,

294 1949 471 2012 inquit,
494 1956 652 2011 potes·
686 1961 770 1994 nec
797 1947 1100 2008 committam,
1123 1955 1178 1994 ut
1199 1947 1328 1993 dolor
1347 1947 1550 2022 eorporis
1579 1947 1647 1994 ef-

302 2013 443 2073 ficiat,
477 2022 531 2060 ut
557 2011 727 2076 frustra
755 2019 909 2058 tantus
943 2011 1014 2058 vii·
1041 2011 1101 2057 ad
1127 2025 1206 2057 me
1238 2010 1424 2057 venerit.
1475 2010 1647 2074 Itaque

302 2079 533 2136 narrabat,
557 2093 666 2124 eum
694 2076 893 2152 graviter
913 2084 959 2122 et
979 2075 1157 2138 copiose
1177 2073 1235 2122 de
1253 2073 1375 2121 hoc
1361 2089 1480 2136 ipso,
1506 2075 1644 2122 Nihil

303 2159 399 2192 esse
434 2145 629 2201 bonum,
666 2141 757 2188 nisi
793 2139 918 2202 quod
953 2140 1198 2186 honestum
1229 2147 1360 2212 esset,
1393 2140 1644 2186 cubantem

300 2207 628 2270 disputavisse·
665 2219 863 2266 cumque
895 2204 1027 2268 quasi
1059 2204 1178 2250 faces
1207 2203 1250 2250 ei
1283 2201 1454 2249 doloris
1481 2202 1645 2250 admo-

302 2280 530 2330 verentur,
553 2285 672 2333 saepe
700 2269 938 2329 dixisse,‘
941 2268 1112 2315 ‘Nihil
1139 2267 1254 2329 agis,
1285 2267 1440 2314 dolor.
1477 2281 1646 2330 quam-

302 2340 371 2388 vis
402 2339 463 2385 sis
498 2336 732 2390 molestus,
771 2347 1014 2396 nunquam
1047 2342 1094 2380 te
1127 2347 1223 2380 esse
1259 2329 1508 2378 confitebor
1541 2347 1645 2379 ma-

301 2403 452 2450 lum.”

362 2465 661 2525 Omninoque
681 2475 839 2508 omnes
860 2461 972 2508 clari
993 2468 1039 2506 et
1066 2459 1293 2507 nobilitati
1319 2459 1500 2507 labores
1529 2475 1641 2507 con-

294 2529 541 2580 temnendo
563 2527 682 2572 fiunt
702 2525 841 2570 etiam
863 2524 1132 2572 tolerabiles.
1243 2561 1253 2571 ι

356 2589 549 2640 XXVI.
568 2581 869 2645 videmusne,
890 2596 946 2634 ut
966 2587 1090 2650 apud
1111 2583 1351 2650 magiStros
1372 2601 1536 2634 eorum
1559 2589 1638 2634 lu·-

277 2657 469 2716 doi'um,
491 2653 575 2716 qui
596 2650 815 2714 Gymnici
830 2649 1149 2711 nominantur,
1171 2667 1370 2715 magnus
1389 2653 1538 2700 honos
1551 2654 1630 2710 sit,
