1834 2925
242 148 342 203 ’τε
439 150 631 203 ruso.
655 150 914 213 QUAEs'r.
940 150 1063 200 nm.
1078 150 1143 200 v.
1166 150 1293 201 cn.
1309 136 1388 200 21ss

250 278 1586 345 mosddegaauquibusnomenservitutisipsedess

249 356 468 406 auxerat,
505 354 552 393 et
583 345 859 409 quibusdam
892 345 1123 406 convenis,
1146 354 1191 393 et
1226 345 1335 393 feris
1364 346 1586 403 barbaris,

415 410 428 423 ⁶
473 410 723 458 custodiam
745 410 1073 457 committebat.
1116 410 1209 468 Ita,
1237 418 1425 473 pmpoer
1442 410 1587 471 injus-

253 484 352 524 tam
385 474 644 524 dominatus
681 472 995 537 cupiditatem,
1024 473 1075 520 in
1108 488 1331 521 carcerem
1362 474 1588 539 quodam-

251 539 392 588 modo
412 540 510 603 ipse
530 554 578 586 se
596 538 854 585 incluserat.
907 536 1197 596 Quinetiam,
1226 553 1285 586 ne
1304 538 1478 586 tonsori
1498 538 1590 586 col-

253 604 357 651 lum
377 603 694 662 committeret,
717 602 904 649 tondere
922 602 1041 649 filias
1062 616 1165 649 suas
1185 602 1353 651 docuit.
1400 602 1480 650 Ita
1495 618 1589 650 sor-

255 668 366 716 dido
386 667 681 731 ancillarique
701 666 889 713 artificio
916 666 1055 728 regite
1079 666 1291 728 virgines,
1322 675 1378 714 ut
1404 666 1591 715 tonstri-

257 732 392 792 culoe,
413 731 663 779 tondebant
683 732 875 778 barbam
896 738 944 777 et
973 730 1193 793 capillum
1220 730 1377 794 patris.
1426 730 1495 779 Et
1524 740 1594 780 ta-

258 810 367 843 men
401 797 461 843 ab
498 794 570 842 his
604 794 731 859 ipsis,
765 794 1000 855 cumjam
1032 802 1179 841 essent
1205 794 1593 854 adultae,ferrum

259 859 481 915 removit3
527 858 834 923 instituitque,
872 867 929 906 ut
965 858 1261 906 candentibus
1290 860 1594 922 juglandium

259 923 577 988 putaminibus
617 924 812 971 barbam
854 922 943 970 sibi
985 930 1033 969 et
1072 922 1292 998 capillum
1333 923 1594 974 adurerent.

261 988 478 1051 Cumque
505 986 621 1035 duas
644 1002 809 1034 uxores
828 986 1033 1045 baberet,
1054 987 1425 1047 Aristomachen,
1449 989 1598 1037 civem

260 1067 412 1111 suam,
435 1051 660 1099 Doridem
681 1059 837 1099 autem
859 1051 1151 1110 Locrensem,
1174 1051 1238 1099 sic
1262 1060 1401 1100 noctu
1428 1053 1490 1101 ad
1521 1070 1599 1104 eas

261 1116 531 1175 ventitabat,
559 1124 614 1163 ut
642 1114 799 1163 omnia
826 1116 1134 1178 specularetur
1163 1123 1211 1162 et
1232 1124 1602 1191 ‘perscrutaremr

263 1188 384 1228 ante.
417 1180 500 1241 Et,
518 1196 626 1228 cum
645 1180 816 1228 fossam
835 1180 981 1227 latam
1001 1179 1250 1227 cubiculari
1267 1181 1385 1228 lecto
1404 1181 1604 1231 circum.

263 1244 475 1302 dedisset,
511 1246 703 1307 ejusque
738 1244 870 1291 fossae
901 1244 1146 1291 transitum
1182 1244 1417 1307 ponticulo
1448 1246 1606 1310 ligneo

263 1308 604 1369 conjunxisset3
639 1322 748 1355 eum
767 1308 941 1371 ipsum,
963 1322 1071 1355 cum
1088 1308 1233 1355 forem
1254 1308 1456 1357 cubiculi
1476 1312 1606 1360 clau.

265 1380 400 1432 serat,
435 1371 747 1435 detorquebat.
795 1372 1037 1435 Idemque,
1068 1386 1175 1419 cum
1198 1372 1249 1419 in
1278 1376 1608 1425 communibus

266 1435 489 1500 suggestis
510 1436 749 1486 consistere
768 1451 860 1484 non
883 1436 1085 1493 auderet,
1116 1436 1370 1486 concionari
1400 1453 1459 1487 ex
1488 1442 1609 1491 turri

268 1502 365 1550 alta
397 1502 584 1550 solebat.
616 1502 779 1565 Atque
805 1501 863 1561 is,
894 1517 1002 1548 cum
1030 1501 1127 1564 pila
1146 1501 1305 1550 ludere
1323 1503 1463 1551 vellet
1484 1509 1606 1560 (stu.

268 1565 395 1614 diose
426 1567 551 1614 enim
581 1565 632 1614 id
651 1566 925 1624 factitabat),
952 1565 1247 1628 tunicamque
1266 1576 1473 1630 poneret,
1495 1571 1610 1619 ado..

268 1630 534 1689 lescentulo,
557 1645 697 1694 quem
712 1632 912 1688 amabat,
936 1629 1173 1676 tradidisse
1192 1629 1401 1692 gladium
1421 1631 1607 1685 dicitur.

271 1695 370 1742 Hic
391 1710 497 1743 cum
520 1694 711 1758 quidam
730 1694 973 1741 familiaris
984 1695 1141 1755 jocans
1168 1693 1385 1743 dixissen
1422 1699 1458 1726 “
1482 1697 1615 1750 Huic

271 1759 461 1821 quidem
482 1767 601 1807 eerte
628 1759 771 1806 vitam
805 1766 936 1806 tuam
969 1757 1267 1818 committis,”
1300 1760 1613 1827 arrisissetque

270 1823 546 1883 adolescens,
569 1831 819 1886 utrumque
835 1822 972 1884 jusffl‘t
990 1822 1216 1879 interfici3
1262 1823 1475 1886 alterum,
1499 1829 1615 1890 quia

271 1885 396 1933 viam
418 1887 812 1935 demonstravisset
827 1887 1118 1934 interimendi
1130 1887 1230 1943 sui3
1265 1888 1480 1949 alterum,
1498 1893 1615 1955 quia

271 1949 450 1997 dictum
483 1950 533 1998 id
566 1951 660 1998 risu
694 1951 1045 2014 approbavisset„
1094 1951 1271 2014 Atque,
1304 1967 1357 2000 eo
1384 1953 1523 2015 facto,
1546 1958 1615 2006 sic

273 2013 439 2072 doluit,
462 2023 517 2061 ut
535 2015 654 2061 nihil
677 2015 865 2098 ffravius
886 2015 1043 2064 tulerit
1062 2015 1111 2062 in
1132 2015 1239 2062 vita.
1294 2017 1453 2076 Quem
1482 2021 1611 2070 enim

275 2077 568 2126 vehementer
598 2088 792 2139 amarat,
820 2080 1057 2127 occiderat.
1104 2081 1181 2128 Sic
1213 2079 1530 2132 distrahuntm
1558 2086 1614 2134 in

273 2142 520 2191 contrarias
540 2151 691 2206 partes
710 2143 1035 2206 impotentium
1051 2143 1333 2207 cupiditates.
1368 2145 1492 2194 Cum
1505 2149 1621 2200 huic

275 2208 517 2256 obsecutus
559 2207 638 2265 sis,
681 2207 752 2254 ini
786 2215 854 2254 est
886 2208 1254 2272 repugnandum.
1308 2209 1617 2277 Quamquam

275 2271 352 2320 bic
372 2269 563 2334 quidem
584 2279 805 2336 tyrannus
825 2271 925 2336 ipse
944 2272 1182 2334 judicavit,
1205 2289 1348 2336 quam
1368 2285 1485 2324 esset
1509 2281 1621 2328 ben.

341 2399 488 2446 XXI.
523 2399 670 2459 Nam,
693 2413 801 2446 cum
822 2399 1015 2462 quidam
1036 2416 1095 2450 ex
1120 2402 1219 2462 ejus
1245 2405 1617 2472 assentatoribus,

279 2461 544 2519 Damocles,
580 2473 955 2511 commemoraret
991 2464 1041 2512 in
1078 2480 1285 2514 sermone
1318 2469 1471 2531 copias
1496 2475 1616 2534 ejus,

277 2539 404 2586 opes,
444 2528 731 2586 majestatem
767 2526 1045 2588 dominatus,
1079 2545 1234 2578 rerum
1265 2533 1619 2598 abundantiam,

277 2587 666 2648 magnificentiam
703 2589 874 2636 aedium
907 2591 1172 2654 regiarum3
1218 2604 1497 2709 afflaretque
1530 2617 1621 2648 un-

277 2663 423 2710 quam
439 2651 686 2702 beatiorem
699 2651 984 2717 quemquam
998 2655 1139 2706 fuisse
1160 2673 1177 2716 3
1214 2661 1249 2689 ‘⁴
1314 2658 1413 2709 isne
1424 2661 1622 2726 igitur,”
