1834 2925
275 139 369 187 180
462 135 651 185 TUSC.
665 132 942 194 QUAEST:
953 132 1074 183 1⁴12.
1091 132 1162 183 Π.
1185 133 1312 183 Cu·-
1329 133 1412 189 27.

268 274 325 315 ut
332 266 411 327 jus
424 280 563 314 suum
575 273 621 312 et
631 264 889 313 libertatem
900 271 1122 321 tenerem,
1131 260 1322 311 minei-a
1333 270 1614 325 exceperunt

268 330 463 389 fortiter,
486 339 533 377 et
552 330 786 384 tulerunt3
820 327 978 387 iidem,
1001 328 1170 375 omissa
1197 328 1504 384 contentione,
1527 327 1612 374 do-

270 395 416 443 lorem
436 394 587 443 morbi
606 394 723 440 ferre
744 407 837 439 non
856 401 1062 455 possunt.
1111 392 1279 455 Neque
1299 392 1425 439 enim
1455 392 1610 449 illum,

270 472 414 523 quem
442 458 573 506 facile
602 457 817 513 tulermt,
842 457 1020 504 ratione
1039 465 1120 503 aut
1147 455 1370 519 sapientia
1391 457 1613 513 tulerant,

274 523 357 571 sed
383 523 534 571 studio
554 522 725 585 potius,
754 530 800 568 et
826 520 988 583 glorifi-
1025 521 1191 583 Itaque
1213 521 1396 568 barbari
1419 520 1611 584 quidam

276 597 323 635 et
346 588 571 635 immanes
598 586 719 633 ferro
747 585 974 633 decertare
994 584 1210 633 acci-rime
1229 594 1440 648 possunt,
1469 598 1614 647 aegro-

276 661 373 699 tare
414 649 602 699 viriliter
642 660 737 697 non
780 658 972 712 queunt.
1007 648 1158 697 Graeci
1192 658 1348 697 autem
1383 650 1610 707 homines,

276 731 371 764 non
392 716 500 762 satis
515 714 725 773 animosi,
742 713 1006 777 prudentes,
1025 723 1080 761 ut
1094 724 1162 761 est
1173 722 1334 776 captus
1349 713 1612 771 hominum,

276 780 403 838 satis,
425 779 603 826 hostem
630 778 859 841 adspicere
882 793 976 826 non
1002 787 1226 841 pooeunt3
1259 778 1400 825 iidem
1429 780 1617 825 morbos

276 845 521 891 toleranter
540 852 679 907 atque
698 842 901 889 humane
923 843 1089 889 ferunt.
1136 843 1208 889 At
1229 842 1410 890 Cimbri
1439 850 1486 890 et
1507 842 1615 889 Gel-

275 907 410 955 tiberi
438 906 489 954 in
516 906 684 969 proeliis
713 908 979 961 exsultantz
1011 907 1323 953 lamentantur
1348 906 1398 953 in
1419 908 1585 953 morbo
1599 923 1614 953 ε

276 970 395 1019 nihil
410 971 534 1018 enim
550 980 697 1033 potest
718 986 813 1019 esse
834 970 1076 1035 aequabile,
1093 970 1218 1034 quod
1239 984 1332 1017 non
1354 987 1386 1017 a
1404 971 1530 1018 certa
1544 986 1618 1017 ra-

276 1034 401 1084 tione
421 1034 742 1099 proficiscam-

280 1128 287 1137 ·
347 1100 455 1157 Sed,
478 1114 585 1147 cum
614 1099 783 1157 videas,
806 1114 898 1155 eos,
917 1099 1000 1161 qui
1028 1108 1112 1147 aut
1131 1099 1282 1147 studio
1303 1108 1386 1147 aut
1403 1100 1621 1163 opinione

280 1165 525 1221 ducantur,
547 1163 597 1209 in
618 1178 671 1210 eo
699 1164 1012 1226 persequendo
1039 1172 1180 1227 atque
1200 1164 1508 1226 adipiscendo,
1537 1165 1621 1212 do-

280 1225 376 1278 lore
397 1242 491 1275 non
511 1227 692 1289 frangi3
726 1226 890 1275 debeas
910 1228 1169 1275 existimare
1188 1236 1271 1275 aut
1291 1243 1384 1275 non
1405 1244 1502 1277 esse
1522 1244 1625 1276 ma-

280 1294 383 1340 lum
404 1292 623 1349 dolorem,
650 1300 751 1347 aut,
783 1291 978 1348 etiamsi,
1007 1292 1237 1355 quidquid
1266 1308 1482 1355 asperum
1513 1294 1624 1341 alie-

282 1371 489 1419 numque
510 1355 675 1402 natura
694 1356 770 1412 sit,
794 1356 843 1403 id
864 1357 1085 1419 appellari
1105 1358 1282 1419 placeat
1295 1358 1494 1417 malut‘n,
1519 1366 1624 1405 tan-

282 1422 436 1470 tulum
458 1428 611 1468 tamen
635 1435 745 1478 esse,
769 1428 823 1468 ut
842 1435 871 1467 a
890 1420 1058 1468 virtute
1077 1421 1144 1468 ita
1169 1422 1405 1481 obruatur,
1429 1431 1484 1470 ut
1513 1437 1624 1472 nus-

316 1501 427 1534 uam
444 1493 672 1548 appareat.
707 1485 829 1544 Quae
841 1485 1078 1545 meditare,
1096 1501 1268 1548 quaeso,
1285 1486 1382 1534 dies
1395 1496 1442 1534 et
1453 1497 1623 1536 noctes.

357 1551 449 1598 tius
470 1549 593 1597 enim
614 1549 821 1597 manabit
840 1549 940 1596 haec
959 1549 1106 1606 ratim
1139 1559 1186 1597 et
1213 1551 1450 1613 aliquanto
1475 1554 1626 1614 maio-

282 1631 381 1663 rem
394 1615 567 1671 locum,
585 1629 727 1677 quam
749 1613 806 1661 de
821 1628 915 1660 uno
937 1614 1109 1669 dolore,
1132 1615 1385 1677 occupabit.
1419 1617 1470 1663 N
1471 1631 1566 1675 am,
1587 1617 1628 1666 si

284 1678 457 1738 omnia,
480 1677 710 1741 fugiendae
730 1677 1028 1741 turpitudinis
1048 1679 1440 1742 adipiscendaeque
1460 1680 1628 1728 hones-

286 1743 393 1790 tatis
414 1743 567 1800 causa,
591 1742 825 1800 faciemus,
841 1757 934 1789 non
956 1741 1096 1789 modo
1111 1743 1320 1791 stimulos
1335 1744 1520 1802 doloris,
1545 1745 1627 1793 sed

287 1807 427 1856 etiam
458 1806 658 1854 fulmina
686 1807 898 1861 fortunae,
930 1815 1276 1855 contemnamus
1305 1808 1475 1866 licebit,
1509 1825 1628 1872 prai-

286 1871 443 1922 sertim
460 1886 569 1918 cum
584 1880 797 1933 pai-amm
812 1870 873 1918 sit
886 1870 1004 1918 illud
1021 1887 1079 1919 ex
1094 1871 1304 1919 hesterna
1319 1873 1629 1936 disputatione

286 1933 565 1999 perfugium.
602 1937 669 1982 Ut
691 1934 831 1994 enim,
854 1934 894 1982 si
910 1935 990 1986 cui
1009 1936 1261 2010 naviganti,
1285 1937 1626 2000 quempraedo-

286 2014 367 2047 nes
383 1999 696 2062 insequantur,
712 1995 843 2046 Deus
864 1999 969 2064 quis
985 1999 1169 2058 dixerit,
1187 2001 1320 2062 Ejioe
1335 2009 1381 2048 te
1395 2001 1455 2050 de
1483 2003 1592 2050 navi
1607 2021 1624 2050 ε

320 2071 453 2110 rosto
472 2072 557 2120 est,
588 2064 671 2126 qui
694 2063 907 2126 excipiat,
932 2064 1006 2110 vel
1033 2063 1294 2140 delphinus,
1317 2073 1372 2112 ut
1398 2067 1628 2115 Ariona

352 2127 697 2190 ethymnaeurm
732 2127 805 2176 vel
824 2127 936 2190 equi
959 2127 1142 2191 Pelopis
1173 2129 1244 2176 illi
1273 2129 1519 2192 Neptunii,
1542 2131 1629 2195 qui

285 2208 368 2256 per
388 2191 535 2238 undas
556 2207 715 2239 currus
744 2207 985 2255 suspensos
1012 2193 1214 2255 rapuisse
1241 2193 1475 2253 dicuntur,
1507 2196 1633 2244 exci-

286 2257 415 2321 pient
445 2264 507 2314 te,
542 2264 605 2314 et,
638 2272 733 2318 quo
764 2257 890 2314 velis,
926 2255 1187 2319 perferent3
1223 2271 1410 2305 omnem
1441 2259 1628 2308 omittat

284 2322 499 2370 timorem
515 2337 530 2375 ς
554 2320 635 2378 sic,
653 2320 922 2382 urgentibus
935 2321 1104 2383 asperis
1125 2329 1172 2368 et
1189 2321 1355 2369 odiosis
1375 2321 1627 2383 doloribus,

283 2387 323 2434 si
344 2385 461 2432 tanti
481 2384 588 2444 sint,
610 2393 666 2432 ut
692 2384 867 2431 ferendi
894 2399 990 2431 non
1019 2384 1128 2446 sint,
1149 2400 1244 2448 quo
1273 2385 1331 2434 sit
1359 2387 1628 2450 confugien-

287 2449 420 2508 dum,
445 2449 583 2496 vides.
1415 2489 1424 2498 ,

351 2513 468 2560 Haec
495 2512 589 2559 fere
615 2511 701 2558 hoc
730 2519 936 2573 tempore
963 2511 1124 2575 putavi
1153 2529 1248 2562 esse
1276 2514 1482 2563 dicenda.
1533 2517 1627 2565 Sed

283 2585 337 2622 tu
356 2575 543 2623 fortasse
563 2576 613 2622 in
633 2573 857 2622 sententia
876 2591 1134 2638 permanes.
1165 2578 1389 2628 Auditor.
1420 2580 1628 2629 Minime

282 2652 417 2686 vero:
452 2654 619 2704 meque
651 2637 794 2689 biduo
826 2638 1030 2690 duarum
1061 2656 1235 2704 rerum,
1271 2659 1388 2707 quas
1418 2645 1630 2694 maxime
