1834 2925
364 170 1536 231 Tusc.QUAEs'r.1,m.11.cm21.173

204 298 352 347 etiam
373 301 588 375 possidat.
638 301 780 351 Nihil
797 300 922 350 enim
943 302 1084 350 habet
1103 302 1410 365 praestnntius,
1431 302 1552 351 nihil

202 364 337 427 quod
350 365 499 427 magis
514 374 716 429 expetat,
740 382 881 431 quam
897 367 1162 426 honestum,
1185 382 1330 430 quam
1345 366 1550 427 laudem,

208 445 359 493 quam
378 429 666 491 dignitatem,
700 446 843 495 quam
864 432 1017 479 decus.
1074 431 1216 479 Hisce
1236 446 1322 493 ego
1342 432 1554 494 pluribus

206 493 479 541 nominibus
513 509 657 542 unam
686 511 784 543 rem
817 495 1037 543 declarari
1067 496 1200 553 volo,
1235 496 1316 543 sed
1344 504 1466 555 utor,
1501 505 1555 544 ιιι

211 574 360 620 quam
380 558 585 606 maxime
606 560 873 622 significem,
895 560 1121 623 pluribus.
1164 559 1288 609 Volo
1309 570 1466 607 autem
1488 560 1558 607 di-

213 638 353 683 cere,
368 623 487 669 illud
508 623 687 671 homini
706 625 854 701 louge
865 625 1095 687 optimum
1117 640 1227 682 esse,
1259 624 1419 689 quod
1405 640 1560 687 ipsum

214 686 277 733 sit
300 688 556 749 optandum
576 704 659 751 per
674 704 739 747 se,
762 705 791 735 a
812 690 980 736 virtute
1000 688 1273 751 profectum,
1296 689 1403 735 vel'
1389 704 1440 735 m
1461 688 1564 753 ipsa

215 752 390 798 virtute
420 752 577 812 situm,
608 753 693 799 sua
721 762 881 816 sponte
912 752 1174 800 laudabile.
1210 752 1336 816 quod
1370 753 1560 818 quidem

211 816 355 863 >eitius
382 816 578 863 dixerim
609 818 777 876 solum,
809 832 952 882 quam
981 832 1074 864 non
1102 832 1339 865 summum
1367 820 1560 866 bonum.

216 880 404 943 Atque,
436 890 490 928 ut
522 881 621 929 haec
648 882 707 929 de
734 852 942 940 h'onesto,
973 882 1038 929 sie
1067 882 1124 929 de
1154 882 1278 945 turpi
1306 883 1559 929 contraria.

213 944 337 991 nihil
372 954 469 993 tam
504 953 693 1007 tetrum,
729 946 848 994 nihil
876 955 974 993 tam
1004 945 1392 1010 adspernandum,
1440 946 1560 995 nihil

216 1009 411 1057 homine
432 1009 678 1085 indignius.

286 1072 434 1131 Quod
464 1074 502 1121 si
530 1074 616 1121 tibi
644 1091 912 1150 persuasum
939 1083 1022 1134 est,
1050 1074 1294 1137 (principio
1316 1075 1440 1123 enim
1461 1074 1566 1123 dix-

219 1138 317 1197 isti,
352 1138 493 1201 plus
479 1154 529 1185 m
550 1138 766 1187 dedecore
786 1140 899 1187 mali
929 1140 1014 1186 tibi
1045 1140 1204 1199 videri,
1237 1154 1380 1201 quam
1405 1139 1455 1185 in
1483 1139 1567 1186 do-

218 1203 341 1259 lore)
364 1202 596 1266 reliquum
614 1213 696 1261 est,
719 1212 774 1250 ut
793 1212 891 1250 tute
912 1204 1032 1250 tibi
1019 1219 1242 1266 imperes:
1279 1218 1565 1267 quamquam

219 1267 312 1314 hoc
343 1267 494 1314 nescio
524 1283 617 1330 quo
646 1268 785 1315 modo
814 1268 1007 1327 dicatur,
1038 1267 1169 1331 quasi
1198 1267 1291 1315 duo
1321 1268 1480 1327 simus,
1515 1276 1569 1316 ut

218 1332 341 1406 alter
373 1332 585 1395 imperet,
620 1332 735 1379 alter
766 1341 924 1395 pareat
938 1349 953 1380 z
988 1346 1082 1379 non
1113 1332 1273 1379 inscite
1305 1340 1460 1379 tamen
1494 1332 1566 1379 di-

216 1406 358 1443 citur.

289 1460 439 1508 XXI.
474 1460 563 1509 Est
591 1461 715 1510 enim
746 1462 929 1510 animus
957 1461 1007 1509 in
1027 1469 1178 1525 partes
1207 1462 1406 1509 tributus
1435 1462 1567 1522 duas,

218 1541 437 1600 quarum
462 1527 605 1574 altera
636 1527 823 1574 rationis
851 1536 918 1574 est
946 1527 1188 1589 particeps,
1223 1527 1364 1574 altera
1393 1542 1568 1589 expers.

220 1591 353 1638 Cum
374 1590 518 1653 igitur
546 1591 825 1666 praecipitur,
856 1600 910 1639 ιιι
931 1590 1246 1653 nobismetipsi
1273 1591 1570 1654 imperemus,

218 1656 313 1702 hoe
333 1656 615 1718 praecipitur,
634 1666 687 1703 ιιι
702 1656 817 1703 ratio
839 1660 1040 1704 coereeat
1062 1655 1377 1702 temeritatem.
1411 1655 1534 1702 Est
1521 1670 1570 1701 m

216 1719 393 1768 animis
422 1720 635 1767 omnium
664 1721 758 1768 fere
786 1719 954 1768 natura
973 1720 1114 1766 molle
1134 1719 1375 1782 quiddam,
1407 1719 1574 1766 demis-

220 1801 352 1842 sum,
385 1784 582 1846 humile,
617 1794 883 1833 enervatum
918 1783 1276 1848 quodammodo,
1314 1791 1360 1831 et
1389 1783 1572 1846 langui-

220 1849 362 1908 dum,
388 1847 569 1908 [senile.
634 1849 684 1897 Si
704 1850 823 1896 nihil
843 1849 988 1907 aliud,
1011 1849 1130 1896 nihil
1151 1857 1265 1896 esset
1285 1847 1472 1896 homine
1493 1847 1572 1896 de-

221 1913 436 1961 formius.
494 1915 529 1961 S
614 1923 778 1977 praesto
800 1923 867 1961 est
888 1913 1078 1960 domina
1098 1913 1306 1960 omnium
1331 1923 1376 1961 et
1396 1911 1570 1976 regina,

219 1978 360 2037 ratio,
396 1994 520 2042 quae,
554 1978 750 2026 connixa
770 1995 852 2042 per
873 1994 938 2037 se,
962 1986 1008 2025 et
1035 1993 1270 2041 progressa
1297 1978 1496 2040 longius,
1521 1977 1574 2025 fit

222 2042 431 2106 perfecta
452 2043 611 2091 virtus.
654 2043 772 2090 Hoee
793 2052 847 2091 ιιι
864 2043 1040 2106 impere
1080 2042 1289 2106 flhparfi
1309 2043 1454 2089 animi
1470 2058 1576 2107 quae

222 2107 413 2154 obedire
428 2107 582 2167 debet,
598 2107 649 2154 id
665 2107 916 2154 videndum
933 2115 1000 2154 est
1013 2050 1123 2154 viro.
1159 2106 1379 2165 Quonam
1394 2106 1574 2156 modo?

224 2172 424 2235 inquies.
482 2171 629 2220 Velut
658 2171 871 2219 dominus
901 2186 1048 2230 servo,
1071 2171 1197 2219 velut
1217 2169 1466 2235 imperator
1485 2171 1576 2218 mi-

224 2236 316 2296 liti,
360 2236 489 2284 velut
526 2251 691 2300 parens
724 2235 834 2284 filio.
891 2236 944 2284 Si
978 2235 1240 2299 turpissime
1273 2252 1322 2284 se
1354 2236 1438 2282 illa
1470 2251 1578 2310 pars

224 2300 374 2347 animi
403 2309 549 2362 geret,
582 2316 726 2365 quam
754 2301 853 2348 dixi
880 2316 975 2348 esse
994 2299 1202 2376 mollem,
1234 2300 1274 2348 si
1293 2317 1342 2349 se
1361 2298 1578 2348 lamentis

221 2364 531 2425 muliebriter,
548 2365 855 2429 lacrymisque
869 2364 1022 2425 dedet,
1039 2365 1264 2414 vinciatur
1286 2373 1332 2412 et
1351 2363 1575 2412 constrin-

222 2439 364 2491 gatur
391 2429 650 2477 amicorum
678 2431 1136 2504 propinquorumque
1155 2427 1386 2477 custodiis.
1443 2427 1576 2500 Saepe

223 2494 351 2540 enim
380 2493 584 2546 vidimus
612 2495 778 2542 fractos
808 2494 1000 2557 pudore,
1055 2493 1300 2540 mratione
1320 2490 1454 2538 nulla
1473 2490 1576 2536 vin-

221 2567 449 2606 cerentur.
484 2557 615 2640 Ergo
628 2559 713 2606 hos
728 2558 937 2623 quidem,
955 2567 1010 2605 ιιι
1023 2509 1242 2615 amulas,
1256 2553 1418 2602 vinclis
1433 2568 1578 2626 prope

221 2639 277 2670 ae
294 2622 509 2671 custodia
530 2628 829 2672 coerceamus.
878 2623 980 2682 Qui
1001 2629 1158 2669 autem
1178 2626 1314 2666 erunt
1335 2617 1574 2675 fimum-eu,

224 2701 311 2738 nee
332 2696 491 2740 tamen
512 2687 833 2750 robustissimi,
862 2688 948 2736 hos
977 2685 1218 2794 admonigu
1247 2680 1490 2746 oportebit,
1523 2688 1581 2727 ιιι
